3096 5018
461 448 498 501 ad
517 449 691 503 eeclesiam
717 449 761 505 III
783 451 927 518 §oo-15.
1196 454 1259 520 283

129 656 277 701 omnesne
311 659 382 704 oum
416 638 490 703 filiis
519 657 556 702 an
588 658 692 704 omnes
725 640 792 704 sine
825 641 897 705 filiis
931 641 1070 706 luerint?
1103 645 1257 720 neutrum,

129 741 251 822 opinor;
287 743 375 807 nulla
405 744 486 806 enim
518 743 665 809 ecelesiae
695 745 783 826 plebs
814 745 863 808 eet
889 761 949 808 non
972 745 1010 808 de
1032 745 1164 827 utroque
1186 763 1258 826 per·

127 845 234 909 mixta.
283 845 464 927 intellegere
500 863 572 929 ergo
610 849 741 928 possunt
778 846 963 929 quicumque
1000 865 1036 910 ex
1069 845 1257 912 Christianis

126 946 208 1010 filios
232 964 294 1013 non
317 948 441 1025 habent,
465 949 516 1012 oui
532 949 705 1031 relinquere
720 950 915 1014 substantias
931 969 1004 1015 suas
1019 949 1160 1032 debeant,
1186 969 1258 1016 oum

106 1051 255 1116 nnideunt
279 1053 329 1117 oui
352 1052 533 1134 reliquerint
556 1058 633 1118 ωηο
655 1053 704 1118 illi
720 1054 800 1119 lilios
816 1072 877 1118 non
894 1052 1055 1118 habentes.
1086 1053 1135 1116 ein
1151 1057 1258 1118 autem

127 1153 254 1233 habent,
278 1154 401 1218 diseunt
423 1155 498 1238 quid
522 1155 617 1222 etiam
639 1160 722 1240 ipsos
746 1159 888 1240 oporteat
905 1157 1016 1234 faeere,
1042 1173 1113 1221 oum
1129 1155 1258 1220 uideant

24 1247 25 1278 ³
125 1260 203 1322 tuno
223 1261 370 1340 parentes
392 1277 528 1324 amorem
552 1262 602 1325 dei
624 1262 698 1326 filiis
721 1261 915 1345 praetulisse.
953 1259 1049 1325 habet
1071 1261 1167 1343 igitur
1190 1255 1311 1324 om·44

24 1359 25 1368 ’
125 1360 174 1425 nis
197 1365 285 1427 aetas
308 1361 402 1426 habet
425 1363 526 1427 omnis
549 1363 688 1430 eondioio
706 1365 787 1447 quod
810 1366 974 1446 sequatur:
999 1363 1187 1445 quiuumque
1210 1365 1258 1427 est

124 1464 283 1547 particeps
306 1465 379 1530 fidei
402 1467 587 1550 participem
610 1487 643 1533 se
658 1469 741 1533 beati
764 1468 862 1533 faeiat
885 1468 1029 1550 exempli.
1061 1467 1087 1530 si
1109 1467 1159 1531 illi
1182 1467 1258 1530 tuno

94 1569 163 1632 roob
199 1567 291 1632 deum
325 1569 477 1633 donantes
511 1571 615 1635 omnia
648 1589 705 1635 ena
738 1572 836 1635 otiam
863 1589 896 1635 ee
924 1571 1005 1654 ipsoe
1035 1568 1257 1635 exheredauere

123 1672 280 1748 uiuentes,
303 1672 413 1736 disoite
436 1689 503 1749 uos,
527 1691 724 1754 quaesumuq
748 1672 829 1737 bona
851 1676 956 1738 uestra
977 1674 1029 1738 nel
1052 1673 1112 1755 ipsi
1134 1673 1257 1738 herodi-

123 1775 194 1838 tare
216 1774 394 1840 morientes.
433 1776 554 1859 oportet
577 1777 688 1860 quippe
712 1794 778 1860 noe,
802 1775 881 1841 mihi
904 1777 1029 1854 credite,
1057 1777 1152 1842 etiam
1175 1777 1258 1840 inter

124 1875 208 1942 filios
242 1880 362 1944 uestros
395 1879 507 1944 salutis
542 1879 778 1963 animarumque
811 1882 986 1944 uestrorum
1014 1898 1075 1944 non
1103 1877 1256 1944 obliuisci.

123 1981 299 2063 propinqua
328 1983 409 2046 enim
437 1983 542 2046 uestra
569 1983 698 2065 pignora
728 2001 794 2046 esse
824 1980 913 2047 uobis
938 1986 969 2046 et
1000 1982 1257 2047 coniunctissima

21 2144 22 2170 χ
93 2085 202 2149 neatis
226 2088 346 2150 eertum
369 2088 434 2150 est:
465 2086 529 2163 sed,
559 2087 639 2151 mihi
661 2086 788 2161 credite,
818 2105 910 2151 nemo
933 2085 1021 2151 uobis
1044 2086 1255 2169 propinquior,

21 2257 22 2264 χ
123 2206 218 2252 ηοηηο
242 2188 432 2253 ooninnotior
448 2207 541 2271 qnam
558 2207 612 2254 uos
629 2191 701 2271 ipsi.
728 2193 830 2255 amate
845 2190 961 2273 itaque,
985 2208 1046 2254 non
1062 2189 1255 2267 obsistimus,

123 2294 231 2356 amate
261 2290 342 2356 filios
373 2296 504 2367 uestros,
539 2296 591 2358 sed
621 2297 727 2358 tamen
749 2294 881 2357 seeundo
905 2312 924 2356 a
945 2292 1036 2357 uobis
1059 2293 1176 2375 gradu:
1209 2291 1256 2356 ita

123 2395 197 2459 illos
228 2394 362 2479 diligite,
393 2415 432 2460 ne
454 2414 511 2461 uos
540 2397 642 2462 odisse
673 2396 859 2472 rideamini;
894 2396 1091 2461 inoonsnltus
1121 2413 1256 2477 namque

124 2499 157 2563 et
182 2498 300 2563 stultus
333 2517 421 2564 amor
455 2500 505 2564 eet
537 2499 667 2565 alterins
702 2518 821 2565 memor
852 2502 883 2564 et
913 2497 961 2563 sui
983 2498 1146 2562 inmemor.
1183 2515 1255 2562 non

91 2602 324 2683 ioaeeipiea
359 2601 462 2684 inquit
495 2601 651 2685 scriptura
683 2621 786 2686 eaora,
823 2601 1090 2684 iniquitatem
1127 2602 1256 2682 patris

124 2704 266 2782 filine,
295 2723 417 2786 neque
447 2706 559 2787 pater
588 2705 760 2787 aooipiot
790 2705 1051 2786 iniquitatem
1076 2703 1162 2768 filii
1184 2703 1255 2768 sui.

125 2814 157 2873 et
181 2808 339 2889 apostolus
361 2827 458 2874 unus
480 2808 660 2891 quisque,
682 2809 798 2890 inquit,
821 2809 1022 2891 proprium
1038 2826 1131 2873 onus
1147 2827 1254 2873 sunm

124 2912 321 2994 portabit.

168 3049 224 3116 XI.
255 3051 395 3116 Reliotao
418 3052 524 3133 itaque
553 3051 627 3116 filiis
657 3050 786 3116 diuitiae
809 3054 953 3134 parentes
976 3070 1037 3116 non
1060 3049 1193 3116 liberant
1218 3051 1309 3118 roeo

93 3154 340 3231 remendioitate,
370 3155 465 3219 immo
488 3156 598 3220 relicta
622 3156 814 3220 inmoderate
837 3155 911 3220 filiis
934 3155 1067 3220 facultas
1090 3154 1255 3236 parentum

127 3263 174 3323 est
197 3261 388 3340 sempiterna
410 3257 604 3340 mendicitas,
628 3275 665 3322 ao
687 3278 741 3342 per
763 3258 822 3323 hoo
845 3257 924 3322 nulli
946 3256 1130 3342 parentibus
1153 3255 1255 3340 magis

231 3477 264 3530 19
282 3477 376 3532 Erech.
398 3478 438 3543 18,
456 3477 490 3531 20
592 3477 626 3530 22
644 3473 704 3531 Gal.
723 3478 747 3541 6,
766 3477 783 3532 5

20 3537 23 3750 ,
179 3684 192 3737 1
213 3698 247 3737 an
266 3700 298 3738 eoo
316 3700 347 3737 ao
365 3698 435 3738 corr.
453 3701 487 3736 m.
506 3685 568 3738 213
668 3683 684 3737 5
703 3683 879 3751 relinquerint
897 3683 924 3736 B
1023 3682 1173 3737 tumorem
1192 3682 1255 3736 filiis

127 3771 238 3838 (prount.
256 3771 280 3824 is
300 3776 325 3826 ot
342 3787 363 3824 o.
381 3785 432 3824 sor.
450 3787 484 3824 m.
504 3773 524 3824 2
542 3774 630 3834 orum)
654 3769 696 3824 dei
713 3769 778 3824 filiis
797 3771 824 3822 A
847 3774 874 3823 et
891 3769 977 3824 delam
991 3769 1086 3837 priore
1104 3768 1169 3824 filiis
1187 3784 1220 3823 m.
1240 3773 1256 3822 1

127 3857 153 3918 Β
252 3855 338 3924 igitur
356 3871 376 3910 o.
397 3855 414 3909 l.
433 3855 499 3909 add.
516 3858 584 3910 ma
601 3855 646 3910 uel
664 3860 679 3909 1
698 3856 725 3908 A
824 3855 857 3908 12
871 3859 935 3922 poet
953 3853 1133 3924 morientesp
1151 3859 1176 3908 et
1194 3853 1255 3908 edd.

128 3947 191 3996 oute
208 3942 364 3998 Halmium:
383 3958 450 4011 quae
467 3941 582 4010 quidem,
599 3945 631 3996 ut
649 3941 714 4007 diri,
731 3941 812 3995 etiam
831 3955 887 4004 uos,
907 3955 922 3992 o
940 3939 1090 4002 fidelissimi
1109 3939 1195 4003 (indd.
1212 3938 1254 3994 ed.

128 4029 271 4094 Bodatius)
284 4031 416 4097 parentes,
437 4027 567 4084 onriosiuo
579 4028 764 4096 attentiusque
778 4041 826 4094 pro
838 4026 915 4082 uobis
927 4025 1053 4080 conuenit
1065 4026 1186 4094 cogitare

128 4115 160 4168 m
178 4114 301 4183 proprius
320 4115 347 4170 A
441 4115 586 4178 abrelicta
605 4115 646 4171 B:
664 4114 758 4168 relicto
775 4112 813 4168 ud
831 4128 846 4166 o
866 4113 908 4166 lo.
927 4112 1041 4180 udpo’oto
1058 4127 1073 4166 ο
1089 4127 1125 4166 m.
1140 4116 1164 4175 1,
1183 4127 1255 4181 quoe

128 4199 203 4254 anal
221 4214 250 4254 οο
274 4201 354 4268 (quoe
371 4199 480 4262 litterae
496 4200 587 4267 forma
610 4204 709 4268 opertu
731 4214 813 4266 ouepe
830 4203 856 4252 et
872 4198 905 4253 ia
920 4198 970 4252 too
988 4197 1046 4252 ood.
1065 4198 1185 4252 romorrit
1203 4197 1255 4264 cfr.

130 4284 283 4340 Stra-Ber.
299 4301 329 4353 p.
350 4287 378 4354 7)
399 4285 518 4355 piupere
541 4286 631 4340 uoluit
647 4287 719 4355 (erpo
736 4300 794 4338 noro
812 4299 842 4336 ae
859 4289 893 4336 ot
910 4282 987 4351 opud
1004 4283 1158 4350 Halmium)
1178 4287 1204 4338 ot
1221 4299 1256 4339 m.

129 4373 156 4434 2,
173 4376 203 4425 ut
220 4372 308 4440 tuapte
326 4376 424 4439 operta
440 4372 581 4439 scriptura
599 4377 782 4436 mortuom.
802 4386 818 4423 a
1056 4392 1061 4407 1
1193 4413 1195 4416 .
