2972 5000
1209 395 1250 450 XI

117 585 312 687 archetypi
347 585 503 684 uestigia
541 598 723 686 presserat
758 584 851 660 alter
876 611 967 660 uero
995 585 1247 684 neglegentius

116 707 275 804 scriptus
303 717 383 780 erat
408 719 445 780 et
469 720 662 805 praeterea
688 705 790 780 haud
816 732 900 780 raro
927 731 950 780 e
976 707 1247 782 correctoribus

115 826 488 925 interpolatoribusue
526 827 622 902 male
660 835 849 900 tractatus.
891 835 1004 924 etque
1044 849 1086 900 ex
1126 827 1249 926 priore

115 945 216 1020 fluxit
259 945 362 1021 solus
394 945 441 1036 A,
482 973 527 1021 ex
565 943 769 1045 posteriore
811 953 898 1020 uero
936 944 975 1018 B·
1012 969 1097 1020 cum
1137 971 1249 1045 grege

116 1065 403 1162 proletariorum
431 1066 601 1142 codicum
630 1065 732 1167 (Ttv
758 1064 996 1168 Italicorum),
1024 1065 1087 1164 qui
1119 1075 1248 1167 utpote

116 1186 232 1284 magis
278 1197 486 1288 temporum
528 1187 686 1262 decursu
727 1186 920 1285 magisque
962 1186 1172 1286 interpolati
1213 1199 1249 1260 et

117 1305 310 1404 deprauati
337 1306 450 1382 uariis
476 1308 696 1405 gradibusa
723 1306 759 1380 B
786 1305 934 1402 distant,
961 1305 1015 1380 ita
1040 1318 1079 1380 ut
1098 1307 1137 1382 in
1164 1306 1250 1381 crisi

116 1426 318 1502 lectitanda
342 1427 480 1502 nullius
508 1427 684 1504 momenti
712 1426 786 1500 sint
811 1426 1042 1525 paucissimis
1069 1426 1160 1502 locis
1188 1452 1249 1500 ex-

116 1545 244 1646 ceptis,
287 1547 424 1646 quibus
455 1548 550 1622 sorte
577 1546 702 1622 euenit
732 1557 774 1620 ut
806 1573 907 1623 unus
943 1545 1085 1621 alterne
1123 1572 1249 1620 eorum

115 1667 316 1764 genuinam
349 1667 573 1766 scripturam
606 1677 772 1742 seruaret
798 1679 927 1742 contra
953 1666 999 1756 B,
1036 1691 1147 1764 quem
1174 1667 1249 1742 fere

115 1788 236 1862 solum
276 1786 416 1862 codicis
443 1790 479 1860 A
504 1787 585 1861 uice
618 1787 724 1885 fungi
751 1797 1039 1866 consentaneum
1067 1798 1132 1880 est,
1170 1786 1249 1860 ubi-

116 1933 277 2006 cumque
296 1919 362 1982 aut
380 1909 424 1982 de
442 1907 569 1983 codice
582 1907 618 1984 A
631 1907 684 1982 nil
701 1906 853 1982 omnino
873 1917 1018 1983 constat
1035 1918 1098 1981 aut
1116 1906 1249 1980 damna

115 2028 280 2102 eiusdem
319 2027 515 2102 manifesta
555 2027 762 2126 reparanda
802 2053 881 2102 esse
916 2026 999 2100 luce
1035 2025 1166 2103 clarius
1193 2025 1248 2098 ui·

116 2147 233 2222 detur.

164 2302 295 2394 Quare
321 2329 398 2376 non
424 2302 545 2401 potuit
562 2327 638 2374 non
656 2299 774 2374 uideri
793 2301 975 2400 optimum
995 2298 1146 2373 seclusis
1172 2300 1249 2373 fere

116 2423 254 2521 ubique
281 2421 434 2522 reliquis
458 2421 618 2513 alterius,
646 2434 688 2496 ut
704 2421 757 2496 ita
775 2420 907 2512 dicam,
935 2419 1095 2494 familiae
1115 2418 1249 2493 codici-

115 2541 180 2618 bus
214 2568 298 2617 rem
331 2543 382 2618 ita
421 2543 622 2638 instituere,
663 2553 705 2616 ut
740 2541 966 2638 ubicumque
1001 2540 1248 2638 inapparatu

116 2664 242 2740 critico
271 2663 408 2738 codicis
434 2664 470 2736 A
497 2663 762 2760 scripturarum
780 2661 917 2736 mentio
944 2685 1021 2736 non
1046 2660 1098 2752 fit,
1128 2671 1249 2734 textus

116 2809 170 2856 eas
208 2783 384 2860 ostendat
417 2782 553 2857 additis
586 2793 734 2856 tantum
767 2780 881 2856 modo
908 2778 1023 2856 solius
1050 2779 1187 2854 codicis
1215 2781 1250 2854 Β

116 2903 319 3004 scripturis.
360 2904 589 3001 ubicumque
615 2928 705 2978 uero
727 2903 837 2976 unius
864 2899 1061 2974 alteriusue
1087 2898 1249 2997 reliquo-

22 3007 23 3014 *
115 3049 195 3098 rum
242 3023 413 3099 codicum
453 3023 655 3121 scripturas
690 3020 867 3096 adnotaui
896 3043 1045 3094 carmem
1073 3017 1247 3094 facillime

22 3149 23 3186 r
115 3170 158 3218 ne
186 3144 311 3218 dicam
336 3143 456 3241 primo
483 3143 605 3218 statim
623 3144 755 3218 obtutu
774 3141 936 3216 inueniet
954 3139 1019 3238 qui
1036 3137 1248 3235 diligentius

115 3261 360 3362 inquisiuerit

161 3417 285 3494 Multo
313 3417 515 3518 simplicior
541 3429 577 3491 et
603 3413 810 3517 expeditior
840 3439 899 3488 res
928 3424 1007 3489 erat
1032 3412 1072 3486 in
1098 3411 1249 3487 edendis

542 3569 830 3670 Epistolis.

164 3709 318 3809 Septem
357 3708 452 3782 enim
493 3708 636 3807 priores
677 3707 853 3806 epistolae
892 3732 968 3780 non
1011 3703 1251 3777 inueniuntur

116 3831 181 3906 nisi
210 3832 251 3904 in
278 3856 351 3904 uno
379 3828 515 3920 codiee,
544 3829 648 3904 cuius
674 3853 774 3902 nunc
800 3827 918 3900 altera
943 3823 1124 3924 particula
1153 3833 1251 3896 extat

116 3949 149 4022 in
185 3946 413 4025 bibliotheca
446 3948 627 4022 Bemensi
661 3975 697 4021 n.
728 3951 813 4040 219,
850 3946 889 4020 in
926 3943 1053 4020 codiee
1081 3941 1250 4018 Parisino

117 4095 148 4143 n.
178 4074 278 4145 3791
309 4073 400 4158 (217
404 4070 441 4169 4)
484 4068 609 4142 altera.
661 4093 705 4142 ex
749 4093 824 4165 quo
868 4065 996 4140 eodem
1039 4063 1140 4138 fonte
1184 4089 1252 4137 sua

117 4188 240 4265 hausit
272 4191 407 4267 Petrus
433 4189 677 4282 Pithoeus,
712 4187 775 4286 qui
801 4187 944 4286 primus
969 4209 1033 4258 eas
1063 4184 1103 4257 in
1128 4183 1250 4258 lucem

118 4312 281 4406 protulit.
324 4325 436 4409 atque
453 4320 538 4409 post
563 4307 812 4398 Halmium,
841 4306 1071 4404 qui'purt'em
1096 4302 1251 4377 alteram
