3068 5012
448 389 486 442 dc
504 387 642 457 gubern.
661 387 713 442 dei
736 388 792 444 VII
810 391 826 454 ξ
842 387 954 444 47-53.
1205 390 1264 454 171

174 577 249 644 XII.
275 577 455 643 Iudicamnr
475 578 584 660 itaque
601 581 696 644 etiarn
712 577 873 660 praesente
888 577 1005 644 iudicio
1027 577 1126 655 adeo,
1151 572 1319 642 struendo

130 683 270 747 excitata
294 685 342 747 cst
363 684 396 747 in
412 682 581 764 perniciem
598 699 633 746 ee
647 683 782 747 dedecus
798 684 941 745 nostrum
955 697 1031 764 gens
1049 679 1265 761 ignauissimo,

129 803 209 867 quae
233 785 273 850 dc
302 785 369 850 loeo
398 787 437 850 ad
467 787 570 851 locum
592 805 723 870 pergens
753 786 789 850 de
818 784 895 849 urbe
925 784 957 848 in
981 784 1091 848 urbem
1113 785 1267 850 transiens

125 888 281 954 uniuersa
302 891 452 956 uastaret.
487 891 675 973 apprimum
699 909 718 956 a
740 891 805 956 solo
828 889 931 971 patrio
955 887 1052 954 effusa
1072 889 1120 952 est
1142 890 1175 952 in
1192 886 1267 954 Ger·

108 995 272 1060 smaniam
295 994 479 1077 proximam,
504 995 630 1060 nomine
653 993 821 1059 barbaram
845 990 965 1056 dicione
980 993 1171 1058 Romanam:
1194 991 1267 1073 post

127 1097 219 1162 cuius
242 1097 381 1180 primum
403 1097 532 1163 exitium
555 1099 633 1162 arsit
648 1098 735 1177 regio
751 1096 919 1178 Belgarum
942 1094 1055 1159 deinde
1076 1112 1149 1176 opes
1166 1093 1266 1175 Aqui-

127 1203 280 1266 tanorum
303 1200 530 1266 luxuriantium
553 1203 585 1266 et
606 1203 677 1283 post
700 1199 776 1265 haec
796 1217 906 1280 corpus
922 1198 1064 1262 omnium
1080 1197 1265 1275 Galliarum,

127 1305 184 1369 sed
207 1305 365 1386 paulatim
388 1305 545 1386 idipsum
576 1299 692 1381 tamen,
722 1303 769 1386 ut,
795 1302 870 1366 dum
901 1319 971 1384 pars
995 1301 1084 1368 clade
1116 1300 1265 1382 caeditur,

125 1426 199 1490 pars
224 1409 365 1490 exemplo
390 1408 616 1472 emendaretur.
655 1407 709 1471 sed
732 1405 786 1470 nbi
809 1407 891 1486 apud
921 1421 975 1470 nos
1007 1403 1183 1469 emendatio
1211 1399 1315 1468 autbl

94 1528 208 1592 oquae
231 1530 302 1594 pars
324 1511 456 1576 Romani
480 1511 562 1576 orbis
585 1509 730 1592 quamuis
758 1508 879 1574 afflicta
908 1508 1098 1592 corrigitur?
1133 1525 1265 1574 omnes

126 1615 252 1692 enim,
291 1617 329 1679 ut
365 1614 519 1698 legimus,
558 1615 891 1690 declinauorunt,
935 1611 1056 1676 simul
1092 1609 1264 1680 inutiles

123 1718 234 1782 facti
259 1719 363 1783 sunt.
386 1721 417 1782 st
439 1718 508 1784 idon
529 1717 681 1800 propheta
701 1716 742 1783 ad
765 1715 858 1782 deum
877 1715 1047 1782 clamat-et
1063 1713 1158 1780 dicit:
1181 1731 1263 1794 pen·

124 1821 302 1886 cussisti
335 1839 398 1886 eos
431 1821 468 1886 et
501 1820 848 1896 nondoluerunt,
885 1817 1101 1886 adtriuisti
1131 1836 1195 1884 eos
1225 1819 1264 1882 et

122 1925 350 1990 renuerunt
372 1925 551 2006 accipere
574 1923 862 2006 disciplinam:
889 1924 1187 1988 indurausrunt
1209 1923 1264 1986 fa-

93 2029 326 2093 ncies-snas
349 2045 471 2111 super
493 2031 645 2110 petram
669 2030 706 2092 et
729 2026 946 2094 noluerunt
968 2025 1128 2094 reuerti.
1170 2044 1264 2107 quam

122 2150 198 2196 uere
222 2132 332 2196 antem
355 2131 450 2195 etiarn
473 2131 586 2196 hocin
609 2149 664 2195 nos
688 2131 779 2196 cadat
802 2149 852 2196 res
875 2131 943 2212 ipsa
965 2129 1094 2196 indicat.
1140 2131 1264 2194 uastata
1273 2130 1316 2195 52

123 2237 172 2298 est
208 2233 264 2299 diu
295 2233 417 2298 Gallia:
453 2251 525 2317 ergo
561 2235 726 2300 emendata
757 2237 822 2317 ost,
857 2252 928 2300 oum
962 2234 996 2297 in
1030 2231 1134 2298 uicino
1169 2235 1261 2311 esset,

121 2337 300 2419 Hispania?
334 2355 390 2402 nec
412 2337 568 2414 inmerito,
592 2337 794 2420 quianullus
817 2337 884 2402 erat
907 2337 1031 2401 omnino
1055 2337 1150 2401 timor
1176 2333 1264 2400 nulla

123 2439 292 2520 correctio,
316 2440 460 2520 flammis,
486 2441 599 2522 quibus
624 2443 762 2506 arserant
785 2439 882 2517 Galli,
905 2439 1037 2522 Hispani
1060 2439 1167 2505 ardere
1192 2457 1261 2504 coe·

91 2546 246 2626 ceperunt.
293 2543 327 2608 in
350 2562 409 2626 quo
431 2543 511 2608 illud
535 2547 598 2623 est,
627 2544 664 2608 ut
692 2561 788 2627 supra
816 2542 897 2626 dixi,
928 2541 1206 2610 sceleratissimum
1229 2547 1262 2610 et

122 2647 360 2730 grauissimum,
384 2646 465 2730 quod
488 2665 559 2713 cum
574 2647 718 2726 arserint,
743 2651 778 2713 ut
800 2648 846 2712 ita
862 2647 973 2729 dicam,
998 2645 1142 2714 membra
1160 2646 1261 2716 horni-

121 2769 200 2814 num
223 2753 438 2834 peccatorum,
469 2753 580 2815 curata
601 2767 663 2816 non
686 2753 760 2816 sunt
783 2751 863 2816 uitia
889 2751 1097 2833 peccantium.
1137 2751 1169 2816 et
1191 2750 1260 2818 ideo

121 2855 304 2936 compulsus
332 2855 379 2920 ost
402 2853 586 2920 criminibus
609 2856 726 2920 nostris
749 2855 842 2940 deuS,
871 2857 907 2924 ut
938 2855 1067 2922 hostiles
1090 2855 1200 2938 plagas
1223 2857 1261 2926 de

120 2957 191 3022 loco
212 2958 247 3020 in
274 2957 378 3022 locum
407 2960 444 3022 de
473 2957 548 3024 urbo
576 2958 611 3022 in
633 2960 742 3024 urbem
771 2961 932 3042 spargeret
962 2961 995 3022 et
1013 2959 1139 3024 excitas
1164 2977 1261 3040 paene

91 3061 160 3126 sab
184 3059 310 3124 ultimis
333 3060 434 3124 terrae
457 3060 573 3125 finibus
601 3061 713 3143 gentos
745 3063 841 3126 etiam
876 3062 964 3128 trans
993 3081 1079 3130 mare
1107 3063 1259 3142 mitteret,

120 3182 202 3246 quae
225 3161 377 3228 Afromm
401 3163 516 3228 seelera
538 3163 697 3245 punirent.
720 3163 795 3246 qnid
810 3165 916 3230 enim?
938 3165 1092 3248 numquid
1107 3165 1311 3233 abductae53

227 3366 261 3420 10
288 3364 362 3421 Psal.
381 3367 423 3433 13,
441 3368 466 3422 3.
494 3367 572 3434 524
653 3369 711 3424 ‚12
727 3367 843 3424 Hierom.
863 3369 922 3434 5‚3

173 3535 190 3588 1
212 3537 348 3604 praesenti
372 3553 408 3592 ec
431 3539 567 3605 praesente
590 3539 618 3594 A
641 3552 710 3595 corr.
733 3543 804 3596 err-2
830 3540 902 3596 idem
920 3545 984 3609 post
1007 3540 1189 3610 imperuiciem

121 3619 136 3673 2
153 3620 338 3688 ignauissimo
353 3637 405 3678 one.
425 3623 466 3678 ed.
484 3623 644 3682 Pitlooeonu
658 3629 686 3680 et
702 3626 869 3694 posteriores
880 3633 948 3682 ante
960 3627 1103 3682 Halmium
1193 3627 1211 3682 3
1228 3627 1257 3684 in

121 3707 209 3761 locum
237 3708 265 3762 Β
369 3709 402 3766 de
426 3711 518 3768 orbem
540 3710 568 3768 B
593 3709 636 3778 (de
654 3711 719 3768 orbe
735 3713 765 3766 in
781 3712 873 3770 orbem
894 3714 965 3780 Ttn)
1072 3714 1257 3783 5proximam

118 3793 289 3861 scripsimus:
313 3794 482 3863 prouinciam
500 3795 649 3854 Horreum
672 3799 786 3866 primam
803 3799 1003 3856 ABHnlmr'cs
1095 3801 1111 3854 7
1130 3801 1204 3870 haec]
1223 3800 1257 3855 de

120 3879 286 3946 consessione
303 3880 394 3936 alteru
411 3881 455 3938 ln'c
472 3883 505 3936 in
522 3899 539 3938 c
557 3888 584 3936 et
600 3882 642 3938 ed.
657 3899 702 3954 pr.
722 3885 805 3940 cocta
822 3885 874 3951 cfr.
890 3885 1041 3942 Sita-Ber.
1057 3903 1088 3956 p.
1100 3887 1132 3944 21
1143 3902 1183 3956 sq.

123 3963 247 4021 locabis
265 3965 438 4024 enuntiari
456 3983 525 4025 corr.
542 3974 612 4028 eal
718 3971 750 4026 11
779 3971 975 4028 declinauerint
1001 3973 1029 4028 Β
1134 3973 1167 4030 14
1195 3986 1254 4028 ren·

121 4053 239 4108 ruerunt
251 4052 349 4119 peiore
366 4069 385 4106 n
399 4054 541 4121 paneae
638 4056 671 4112 15
688 4058 716 4110 et
735 4071 786 4113 om.
803 4060 831 4113 A
927 4061 961 4114 16
978 4060 1008 4114 in
1025 4075 1072 4116 nos
1090 4058 1141 4114 hoc
1157 4060 1185 4114 Β

123 4153 152 4206 17
170 4155 315 4209 emendata
334 4160 364 4222 (e.
382 4173 435 4213 scr.
455 4161 522 4212 aaz
539 4145 615 4212 Hm
627 4165 691 4230 non)
714 4164 756 4216 est
777 4164 805 4217 A
907 4164 942 4218 24
966 4163 998 4218 de
1021 4163 1084 4218 orbe
1108 4164 1136 4217 in
1163 4163 1254 4218 orbem

120 4239 177 4393 (Β.)
195 4327 224 4380 A
267 4241 366 4296 excitas
396 4259 417 4298 a
444 4259 497 4300 rer.
525 4248 597 4301 nc?
623 4250 652 4301 ta
679 4249 707 4303 A
742 4248 839 4304 excitas
867 4250 896 4304 Β
1016 4251 1052 4306 26
1084 4250 1254 4320 quialrornm

130 4339 167 4380 ste
