2972 5000
267 425 309 491 46
755 420 908 474 Saluiani

268 613 390 692 dimus,
420 613 473 698 nt,
502 631 573 678 cum
601 611 635 677 in
658 611 802 678 omnihus
823 613 870 677 rei
897 612 1010 694 simus,
1045 611 1139 676 etiem
1167 607 1262 676 bonos
1284 625 1339 675 nos
1361 608 1396 675 et

268 719 392 782 sanctos
414 735 481 782 esse
503 715 675 798 credemus,
698 730 736 779 ao
757 713 802 780 sic
824 712 971 788 inlnobis
995 712 1194 780 cumulentur
1215 713 1395 796 iniquitatis

267 819 402 884 offensae
425 817 521 884 etiem
536 818 786 900 praesumptione
807 817 957 884 institiae.
985 818 1052 900 qni
1067 815 1170 896 odit,
1193 817 1297 900 inquit
1318 833 1395 900 spo-

266 923 381 999 stolus,
414 921 581 988 fratrem
609 938 730 998 suum,
762 920 961 996 homicide
990 922 1059 988 est.
1103 919 1285 1003 intellegere
1321 937 1395 1002 ergo

266 1042 429 1106 possumus
451 1024 568 1090 multos
591 1042 657 1088 esse
673 1023 857 1100 homicidae,
881 1024 934 1107 qui
956 1041 989 1087 se
1005 1023 1143 1088 innoxios
1160 1022 1284 1105 putant,
1308 1022 1393 1106 quie,
1419 1048 1435 1088 e

214 1165 217 1175 =
265 1131 301 1193 ut
323 1129 474 1207 uidemus,
498 1126 702 1193 homicidium
724 1144 786 1192 non
801 1125 869 1192 sole
884 1125 1100 1193 tantummodo
1115 1125 1282 1192 occidentis
1297 1145 1395 1192 menn

264 1230 318 1296 sed
340 1231 439 1296 etiam
461 1230 595 1296 odientis
619 1230 722 1295 animo
746 1231 953 1313 perpetretur.
976 1230 1057 1294 unde
1076 1231 1134 1306 est,
1158 1230 1239 1311 qnod
1255 1230 1395 1295 salrator

264 1335 403 1399 mandeti
433 1333 526 1399 istius
559 1351 699 1399 normam
735 1351 866 1399 censura
899 1332 1001 1398 adhuc
1033 1333 1186 1398 senadors
1219 1333 1396 1398 cumulauit

264 1438 386 1506 dicens:
402 1439 468 1521 qni
490 1437 687 1503 irascitur
709 1436 827 1502 fratri
848 1453 915 1501 suo
938 1436 1184 1514 rinoceros,
1208 1453 1298 1501 rous
1314 1436 1396 1500 erit

262 1540 427 1606 iudicio.
460 1541 508 1606 ire
529 1542 631 1606 meter
653 1542 699 1604 est
722 1539 794 1605 odii.
828 1543 860 1604 et
881 1539 950 1605 ideo
972 1539 1109 1604 selustor
1132 1539 1290 1605 excludere
1311 1539 1435 1604 irnnrro

213 1640 373 1722 13uolnit,
397 1663 435 1708 ne
459 1663 496 1707 ex
518 1642 565 1708 ira
588 1641 693 1708 odium
717 1646 907 1709 nasceretur.
931 1642 958 1707 si
982 1659 1055 1725 ergo
1078 1658 1139 1706 non
1161 1641 1263 1708 solum
1285 1641 1395 1706 odium

262 1749 316 1812 sod
340 1746 437 1811 etiarn
459 1745 506 1811 iro
529 1762 584 1809 nos
606 1745 638 1810 in
666 1744 716 1811 dei
744 1744 857 1811 iudicio
879 1763 946 1811 reos
971 1745 1080 1824 faciet,
1112 1745 1273 1810 euidenter
1296 1763 1395 1828 agno-

262 1849 394 1927 scimus,
423 1849 505 1930 quod
526 1851 608 1914 sient
629 1849 737 1915 nullus
761 1850 887 1914 omnino
910 1850 957 1914 est
978 1847 1127 1914 immunis
1152 1849 1191 1913 eh
1218 1848 1393 1928 iracundie,

261 1953 306 2017 sic
328 1951 433 2016 nullus
456 1951 584 2016 omnino
607 1951 757 2017 immonis
780 1971 845 2018 esso
871 1953 987 2034 poterit
1009 1970 1028 2016 a
1057 1952 1157 2017 reatu.
1195 1950 1394 2033 persequitur

261 2054 367 2120 eutem
390 2056 533 2119 dominun
556 2055 646 2137 quasi
666 2054 761 2119 fibras
784 2054 942 2138 praecepti
968 2054 1060 2120 istius
1082 2057 1113 2120 et
1136 2073 1241 2122 omnes
1263 2055 1393 2134 penitus
1403 2079 1431 2118 1⁵

261 2156 388 2222 frutices
417 2176 452 2223 eo
482 2158 672 2223 ramusculos
700 2157 787 2223 secat
815 2157 938 2224 dicens:
967 2157 1032 2240 qui
1063 2161 1193 2224 eutem
1222 2159 1391 2240 dixerit,

260 2260 387 2344 fatue,
412 2279 500 2327 reus
523 2260 602 2326 erit
632 2262 832 2344 gehennae
855 2260 981 2346 ignis:
1007 2260 1074 2343 qui
1096 2261 1242 2327 dixerit
1267 2262 1392 2327 fratri

260 2381 343 2442 suo,
375 2364 512 2444 recha,
536 2383 623 2430 rens
653 2364 733 2429 erit
763 2364 948 2431 concilio.
994 2365 1087 2432 recha
1117 2366 1199 2447 qnod
1227 2382 1323 2448 genus
1347 2367 1393 2433 sit

259 2467 466 2533 contumeliae
500 2469 595 2533 multi
628 2469 785 2535 nesciunt:
825 2469 955 2534 fatuitas
987 2472 1092 2534 eutem
1120 2487 1214 2551 quem
1241 2469 1392 2538 iniuriose

259 2571 412 2636 obicietur
440 2571 558 2653 optime
587 2574 709 2636 norunt.
745 2573 777 2636 et
799 2571 866 2637 ideo
889 2572 1021 2638 scientie
1044 2574 1225 2656 enepotius
1248 2573 1429 2640 hominesne

259 2689 352 2753 quem
375 2674 551 2756 ignorantia
571 2675 693 2739 utentes
718 2675 843 2740 malunt
864 2676 968 2740 reatus
992 2692 1064 2740 snos
1087 2693 1145 2757 per
1166 2676 1199 2740 id
1214 2677 1392 2744 conuicium

259 2775 342 2856 quod
364 2775 470 2840 sciunt
491 2775 608 2842 diuinis
630 2776 772 2860 ignibus,
803 2797 896 2860 quam
924 2798 978 2860 per
1000 2778 1034 2843 id
1056 2780 1138 2860 qnod
1159 2779 1304 2845 nesciunt
1326 2780 1391 2844 hu·

258 2879 359 2942 menis
382 2875 667 2961 conciliis'expieri.

208 2976 249 3043 14
300 2979 360 3043 ΙΙΙ.
382 2980 468 3060 Quae
490 2999 560 3046 cnm
581 2982 628 3047 ita
650 2981 714 3047 siut
736 2984 768 3048 et
791 3001 862 3047 oum
885 2984 960 3050 haec
982 2985 1102 3062 omnio,
1131 3001 1209 3066 queo
1236 2984 1391 3050 iubentur

256 3082 439 3163 edomino,
468 3101 530 3150 non
552 3087 641 3152 modo
664 3104 683 3150 e
705 3085 793 3151 nobis
822 3085 946 3151 omnino
975 3104 1036 3151 ron
1058 3085 1136 3153 fient
1158 3088 1212 3152 sed
1234 3107 1329 3170 paene
1352 3091 1428 3158 inse

258 3185 416 3250 diuersum
451 3188 556 3251 omnia
587 3187 681 3272 fiant,
717 3188 840 3270 qnando
870 3188 988 3254 maiora
1021 3190 1079 3254 illa
1108 3189 1280 3257 faciemus?
1317 3193 1389 3273 qui

258 3289 379 3374 enim,
417 3289 520 3372 inquit
554 3290 713 3370 reluctor,
750 3310 824 3357 non
861 3293 1162 3358 renuntiauerit
1198 3294 1389 3360 omnibus

257 3410 355 3473 queo
378 3392 568 3474 possidet,
592 3413 668 3458 non
689 3395 826 3478 potest
848 3414 958 3460 meus
981 3415 1065 3462 esse
1090 3396 1322 3481 discipulus.
1347 3403 1390 3464 et

357 3579 492 3634 error.
514 3581 540 3647 3,
565 3581 599 3634 re
700 3581 842 3639 enarer.
865 3585 890 3656 q,
913 3583 947 3639 22
1050 3585 1084 3638 nc
1107 3583 1207 3637 nacco.
1230 3584 1256 3650 c,
1280 3583 1314 3637 22

254 3663 288 3718 se
309 3663 371 3718 nuo.
391 3663 432 3730 ra
451 3664 484 3720 ne
597 3666 632 3721 aa
653 3667 863 3738 munnere

306 3835 322 3889 1
340 3835 394 3889 reis
411 3836 480 3904 (fuit
499 3835 562 3902 reis)
580 3836 608 3890 A
693 3838 710 3891 2
730 3841 863 3896 credimus
882 3843 910 3897 A
997 3841 1029 3895 11
1047 3855 1079 3894 ex
1096 3841 1137 3895 ire
1154 3840 1247 3896 odium
1265 3843 1293 3898 B
1309 3858 1385 3898 corr.

254 3935 284 3974 ex
302 3921 361 3975 odio
380 3922 450 3990 (eim
468 3922 519 3988 ire)
538 3921 566 3976 B
583 3928 646 3978 m.1
750 3927 783 3981 14
800 3929 967 3998 persequitur
984 3928 1024 3982 A:
1052 3929 1222 3998 prosequitur
1240 3930 1268 3986 B
1283 3929 1386 3986 tatere

253 4007 366 4062 mecm
379 4013 507 4075 (ceterum
519 4011 571 4076 cfr.
580 4011 656 4068 Ptin.
665 4013 718 4070 icoc.
729 4015 746 4068 l.
756 4018 811 4073 33:
823 4017 1007 4087 persequimur
1018 4031 1108 4072 omnes
1120 4018 1208 4072 torreo
1220 4016 1313 4086 libras)

254 4093 286 4146 15
303 4092 386 4148 fibras
400 4111 434 4149 coc
446 4095 534 4150 febres
552 4096 580 4151 A
592 4112 661 4153 corr.
675 4116 709 4154 m.
722 4116 775 4155 rec.
806 4144 810 4154 ,
875 4119 965 4158 omnes
978 4104 1112 4158 coroneris
1123 4103 1232 4160 Acorr.
1245 4106 1314 4162 m.2

253 4179 378 4246 paenitus
396 4182 424 4236 A
525 4183 556 4237 17
575 4183 663 4238 fatuae
680 4186 728 4240 ced
746 4190 924 4257 apostoriorc
938 4194 1037 4258 procot.
1053 4189 1081 4243 A
1179 4189 1227 4258 qui
1244 4189 1385 4246 dixerit-

252 4264 364 4318 concilio
387 4282 437 4321 om.
456 4268 484 4322 B
500 4274 569 4324 m.1
674 4271 706 4327 19
727 4273 872 4330 iniuriosae
895 4275 942 4330 eccl
967 4276 1311 4344 spectatoremque

250 4351 286 4406 25
307 4351 492 4408 dominomodo
511 4372 560 4410 om.
579 4371 632 4411 non
649 4374 715 4413 uoce
734 4361 761 4413 A
880 4363 883 4370 '
