<?xml version="1.0" encoding="UTF-8"?>
<!DOCTYPE html PUBLIC "-//W3C//DTD XHTML 1.0 Transitional//EN"
    "http://www.w3.org/TR/xhtml1/DTD/xhtml1-transitional.dtd">
<html xmlns="http://www.w3.org/1999/xhtml" xml:lang="en" lang="en">
 <head>
  <title>
</title>
<meta http-equiv="Content-Type" content="text/html;charset=utf-8" />
  <meta name='ocr-system' content='tesseract 3.04.00' />
  <meta name='ocr-capabilities' content='ocr_page ocr_carea ocr_par ocr_line ocrx_word'/>
</head>
<body>
  <div class='ocr_page' id='page_1' title='image "./corpusscriptoru14wissgoog_0109.png"; bbox 0 0 3036 5004; ppageno 0'>
   <div class='ocr_carea' id='block_1_1' title="bbox 305 398 950 468">
    <p class='ocr_par' dir='ltr' id='par_1_1' title="bbox 305 398 950 468">
     <span class='ocr_line' id='line_1_1' title="bbox 305 398 950 468; baseline 0 -16"><span class='ocrx_word' id='word_1_1' title='bbox 305 400 347 468; x_wconf 80' lang='grc'><strong>82</strong></span> <span class='ocrx_word' id='word_1_2' title='bbox 790 398 950 454; x_wconf 85' lang='lat' dir='ltr'><strong>Saluiani</strong></span> 
     </span>
    </p>
   </div>
   <div class='ocr_carea' id='block_1_2' title="bbox 255 587 1478 1808">
    <p class='ocr_par' dir='ltr' id='par_1_2' title="bbox 255 587 1478 1808">
     <span class='ocr_line' id='line_1_2' title="bbox 307 587 1438 674; baseline -0.003 -19"><span class='ocrx_word' id='word_1_3' title='bbox 307 587 499 655; x_wconf 84' lang='lat' dir='ltr'><strong>merentibus</strong></span> <span class='ocrx_word' id='word_1_4' title='bbox 528 591 675 672; x_wconf 73' lang='lat' dir='ltr'>praestat.</span> <span class='ocrx_word' id='word_1_5' title='bbox 711 587 739 654; x_wconf 92' lang='lat' dir='ltr'><strong>si</strong></span> <span class='ocrx_word' id='word_1_6' title='bbox 761 587 845 654; x_wconf 89' lang='lat' dir='ltr'><strong>euim</strong></span> <span class='ocrx_word' id='word_1_7' title='bbox 867 587 984 674; x_wconf 84' lang='lat' dir='ltr'><strong>sanctis</strong></span> <span class='ocrx_word' id='word_1_8' title='bbox 1007 591 1040 654; x_wconf 90' lang='lat' dir='ltr'><strong>et</strong></span> <span class='ocrx_word' id='word_1_9' title='bbox 1061 589 1138 656; x_wconf 91' lang='lat' dir='ltr'><strong>bene</strong></span> <span class='ocrx_word' id='word_1_10' title='bbox 1159 587 1281 655; x_wconf 89' lang='lat' dir='ltr'><strong>meritis</strong></span> <span class='ocrx_word' id='word_1_11' title='bbox 1303 587 1438 670; x_wconf 91' lang='lat' dir='ltr'><strong>praesti-</strong></span> 
     </span>
     <span class='ocr_line' id='line_1_3' title="bbox 306 690 1440 774; baseline -0.002 -17"><span class='ocrx_word' id='word_1_12' title='bbox 306 692 415 771; x_wconf 87' lang='lat' dir='ltr'><strong>tisset,</strong></span> <span class='ocrx_word' id='word_1_13' title='bbox 437 711 499 758; x_wconf 88' lang='lat' dir='ltr'><strong>uon</strong></span> <span class='ocrx_word' id='word_1_14' title='bbox 520 691 687 758; x_wconf 87' lang='lat' dir='ltr'><strong>uidebatur</strong></span> <span class='ocrx_word' id='word_1_15' title='bbox 709 709 787 774; x_wconf 90' lang='lat' dir='ltr'><strong>quae</strong></span> <span class='ocrx_word' id='word_1_16' title='bbox 810 710 872 756; x_wconf 88' lang='lat' dir='ltr'><strong>uon</strong></span> <span class='ocrx_word' id='word_1_17' title='bbox 896 690 1046 757; x_wconf 79' lang='lat' dir='ltr'><strong>debuerat</strong></span> <span class='ocrx_word' id='word_1_18' title='bbox 1066 690 1259 774; x_wconf 78' lang='lat' dir='ltr'><strong>praestitisse</strong></span> <span class='ocrx_word' id='word_1_19' title='bbox 1282 690 1336 756; x_wconf 93' lang='lat' dir='ltr'><strong>sed</strong></span> <span class='ocrx_word' id='word_1_20' title='bbox 1358 709 1440 774; x_wconf 87' lang='lat' dir='ltr'><strong>quae</strong></span> 
     </span>
     <span class='ocr_line' id='line_1_4' title="bbox 284 793 1440 880; baseline -0.002 -20"><span class='ocrx_word' id='word_1_21' title='bbox 284 795 456 862; x_wconf 87' lang='lat' dir='ltr'><strong>debuerat</strong></span> <span class='ocrx_word' id='word_1_22' title='bbox 477 795 662 860; x_wconf 88' lang='lat' dir='ltr'><strong>reddidisse.</strong></span> <span class='ocrx_word' id='word_1_23' title='bbox 697 795 773 878; x_wconf 86' lang='lat' dir='ltr'><strong>quid</strong></span> <span class='ocrx_word' id='word_1_24' title='bbox 795 813 869 878; x_wconf 82' lang='lat' dir='ltr'><strong>argo</strong></span> <span class='ocrx_word' id='word_1_25' title='bbox 891 814 947 861; x_wconf 90' lang='lat' dir='ltr'><strong>ucs</strong></span> <span class='ocrx_word' id='word_1_26' title='bbox 969 812 1025 880; x_wconf 88' lang='lat' dir='ltr'><strong>pro</strong></span> <span class='ocrx_word' id='word_1_27' title='bbox 1048 793 1098 860; x_wconf 88' lang='lat' dir='ltr'><strong>lris</strong></span> <span class='ocrx_word' id='word_1_28' title='bbox 1121 794 1264 860; x_wconf 84' lang='lat' dir='ltr'><strong>omnibus</strong></span> <span class='ocrx_word' id='word_1_29' title='bbox 1286 793 1440 860; x_wconf 88' lang='lat' dir='ltr'><strong>retribui-</strong></span> 
     </span>
     <span class='ocr_line' id='line_1_5' title="bbox 306 897 1439 982; baseline -0.002 -18"><span class='ocrx_word' id='word_1_30' title='bbox 306 917 377 965; x_wconf 89' lang='lat' dir='ltr'><strong>mus</strong></span> <span class='ocrx_word' id='word_1_31' title='bbox 393 897 445 964; x_wconf 88' lang='lat' dir='ltr'><strong>uel</strong></span> <span class='ocrx_word' id='word_1_32' title='bbox 458 899 563 981; x_wconf 87' lang='lat' dir='ltr'><strong>petius</strong></span> <span class='ocrx_word' id='word_1_33' title='bbox 579 897 655 981; x_wconf 86' lang='lat' dir='ltr'><strong>quid</strong></span> <span class='ocrx_word' id='word_1_34' title='bbox 669 897 841 964; x_wconf 78' lang='lat' dir='ltr'><strong>retribuere</strong></span> <span class='ocrx_word' id='word_1_35' title='bbox 859 897 1033 964; x_wconf 81' lang='lat' dir='ltr'><strong>debemus?</strong></span> <span class='ocrx_word' id='word_1_36' title='bbox 1055 899 1193 982; x_wconf 90' lang='lat' dir='ltr'><strong>primum</strong></span> <span class='ocrx_word' id='word_1_37' title='bbox 1208 897 1331 964; x_wconf 87' lang='lat' dir='ltr'><strong>scilicet</strong></span> <span class='ocrx_word' id='word_1_38' title='bbox 1345 897 1439 977; x_wconf 86' lang='lat' dir='ltr'><strong>illud,</strong></span> 
     </span>
     <span class='ocr_line' id='line_1_6' title="bbox 307 999 1477 1084; baseline -0.004 -18"><span class='ocrx_word' id='word_1_39' title='bbox 307 1000 388 1084; x_wconf 86' lang='lat' dir='ltr'><strong>quod</strong></span> <span class='ocrx_word' id='word_1_40' title='bbox 417 1002 617 1069; x_wconf 89' lang='lat' dir='ltr'><strong>beatissimus</strong></span> <span class='ocrx_word' id='word_1_41' title='bbox 644 1001 798 1084; x_wconf 87' lang='lat' dir='ltr'><strong>propheta</strong></span> <span class='ocrx_word' id='word_1_42' title='bbox 827 1003 859 1066; x_wconf 91' lang='lat' dir='ltr'><strong>et</strong></span> <span class='ocrx_word' id='word_1_43' title='bbox 889 1000 999 1066; x_wconf 90' lang='lat' dir='ltr'><strong>debere</strong></span> <span class='ocrx_word' id='word_1_44' title='bbox 1026 1019 1060 1066; x_wconf 90' lang='lat' dir='ltr'><strong>se</strong></span> <span class='ocrx_word' id='word_1_45' title='bbox 1082 1002 1116 1066; x_wconf 90' lang='lat' dir='ltr'><strong>et</strong></span> <span class='ocrx_word' id='word_1_46' title='bbox 1145 999 1342 1068; x_wconf 88' lang='lat' dir='ltr'><strong>redditurum</strong></span> <span class='ocrx_word' id='word_1_47' title='bbox 1371 1018 1477 1067; x_wconf 83' lang='lat' dir='ltr'><strong>esses</strong></span> 
     </span>
     <span class='ocr_line' id='line_1_7' title="bbox 306 1102 1441 1188; baseline 0 -18"><span class='ocrx_word' id='word_1_48' title='bbox 306 1105 443 1172; x_wconf 87' lang='lat' dir='ltr'><strong>testatur</strong></span> <span class='ocrx_word' id='word_1_49' title='bbox 472 1105 593 1171; x_wconf 87' lang='lat' dir='ltr'><strong>diceus:</strong></span> <span class='ocrx_word' id='word_1_50' title='bbox 623 1102 719 1188; x_wconf 91' lang='lat' dir='ltr'><strong>quid</strong></span> <span class='ocrx_word' id='word_1_51' title='bbox 745 1103 970 1170; x_wconf 89' lang='lat' dir='ltr'><strong>retribuam</strong></span> <span class='ocrx_word' id='word_1_52' title='bbox 992 1104 1145 1172; x_wconf 89' lang='lat' dir='ltr'><strong>domino</strong></span> <span class='ocrx_word' id='word_1_53' title='bbox 1166 1123 1232 1187; x_wconf 90' lang='lat' dir='ltr'><strong>pro</strong></span> <span class='ocrx_word' id='word_1_54' title='bbox 1255 1103 1441 1170; x_wconf 90' lang='lat' dir='ltr'><strong>omnibus</strong></span> 
     </span>
     <span class='ocr_line' id='line_1_8' title="bbox 307 1207 1441 1292; baseline 0.002 -20"><span class='ocrx_word' id='word_1_55' title='bbox 307 1227 404 1291; x_wconf 89' lang='lat' dir='ltr'><strong>quae</strong></span> <span class='ocrx_word' id='word_1_56' title='bbox 426 1209 623 1276; x_wconf 87' lang='lat' dir='ltr'><strong>retribuit</strong></span> <span class='ocrx_word' id='word_1_57' title='bbox 645 1209 768 1274; x_wconf 80' lang='lat' dir='ltr'><strong>mihi?</strong></span> <span class='ocrx_word' id='word_1_58' title='bbox 792 1208 957 1274; x_wconf 89' lang='lat' dir='ltr'><strong>calicem</strong></span> <span class='ocrx_word' id='word_1_59' title='bbox 978 1207 1170 1274; x_wconf 89' lang='lat' dir='ltr'><strong>salutaris</strong></span> <span class='ocrx_word' id='word_1_60' title='bbox 1186 1209 1377 1292; x_wconf 77' lang='lat' dir='ltr'><strong>accipiam</strong></span> <span class='ocrx_word' id='word_1_61' title='bbox 1399 1209 1441 1274; x_wconf 90' lang='lat' dir='ltr'><strong>et</strong></span> 
     </span>
     <span class='ocr_line' id='line_1_9' title="bbox 255 1307 1439 1397; baseline 0.003 -23"><span class='ocrx_word' id='word_1_62' title='bbox 255 1307 444 1378; x_wconf 81' lang='lat' dir='ltr'><strong>50n0mau</strong></span> <span class='ocrx_word' id='word_1_63' title='bbox 468 1312 614 1379; x_wconf 88' lang='lat' dir='ltr'><strong>domiui</strong></span> <span class='ocrx_word' id='word_1_64' title='bbox 636 1312 838 1380; x_wconf 87' lang='lat' dir='ltr'><strong>inuocabo.</strong></span> <span class='ocrx_word' id='word_1_65' title='bbox 873 1313 977 1396; x_wconf 88' lang='lat' dir='ltr'><strong>prima</strong></span> <span class='ocrx_word' id='word_1_66' title='bbox 998 1329 1070 1397; x_wconf 86' lang='lat' dir='ltr'><strong>ergo</strong></span> <span class='ocrx_word' id='word_1_67' title='bbox 1092 1312 1170 1378; x_wconf 88' lang='lat' dir='ltr'><strong>haec</strong></span> <span class='ocrx_word' id='word_1_68' title='bbox 1190 1313 1356 1378; x_wconf 83' lang='lat' dir='ltr'><strong>retributio</strong></span> <span class='ocrx_word' id='word_1_69' title='bbox 1379 1315 1439 1396; x_wconf 86' lang='lat' dir='ltr'><strong>est,</strong></span> 
     </span>
     <span class='ocr_line' id='line_1_10' title="bbox 307 1415 1440 1501; baseline 0.002 -21"><span class='ocrx_word' id='word_1_70' title='bbox 307 1417 344 1480; x_wconf 91' lang='lat' dir='ltr'><strong>ut</strong></span> <span class='ocrx_word' id='word_1_71' title='bbox 365 1416 502 1480; x_wconf 89' lang='lat' dir='ltr'><strong>mortem</strong></span> <span class='ocrx_word' id='word_1_72' title='bbox 523 1417 625 1481; x_wconf 87' lang='lat' dir='ltr'><strong>morte</strong></span> <span class='ocrx_word' id='word_1_73' title='bbox 652 1417 819 1482; x_wconf 87' lang='lat' dir='ltr'><strong>reddamus</strong></span> <span class='ocrx_word' id='word_1_74' title='bbox 847 1435 883 1482; x_wconf 92' lang='lat' dir='ltr'><strong>ac</strong></span> <span class='ocrx_word' id='word_1_75' title='bbox 912 1434 968 1501; x_wconf 88' lang='lat' dir='ltr'><strong>pre</strong></span> <span class='ocrx_word' id='word_1_76' title='bbox 990 1435 1036 1496; x_wconf 85' lang='lat' dir='ltr'><strong>eo,</strong></span> <span class='ocrx_word' id='word_1_77' title='bbox 1066 1415 1121 1499; x_wconf 90' lang='lat' dir='ltr'><strong>qui</strong></span> <span class='ocrx_word' id='word_1_78' title='bbox 1147 1418 1290 1481; x_wconf 89' lang='lat' dir='ltr'><strong>mortuus</strong></span> <span class='ocrx_word' id='word_1_79' title='bbox 1312 1416 1360 1482; x_wconf 88' lang='lat' dir='ltr'><strong>est</strong></span> <span class='ocrx_word' id='word_1_80' title='bbox 1380 1435 1440 1500; x_wconf 89' lang='lat' dir='ltr'><strong>pre</strong></span> 
     </span>
     <span class='ocr_line' id='line_1_11' title="bbox 308 1518 1478 1604; baseline -0.003 -21"><span class='ocrx_word' id='word_1_81' title='bbox 308 1518 407 1602; x_wconf 88' lang='lat' dir='ltr'><strong>nobis,</strong></span> <span class='ocrx_word' id='word_1_82' title='bbox 431 1537 486 1584; x_wconf 88' lang='lat' dir='ltr'><strong>uos</strong></span> <span class='ocrx_word' id='word_1_83' title='bbox 509 1519 680 1584; x_wconf 88' lang='lat' dir='ltr'><strong>moriamur</strong></span> <span class='ocrx_word' id='word_1_84' title='bbox 703 1537 817 1594; x_wconf 87' lang='lat' dir='ltr'><strong>omues,</strong></span> <span class='ocrx_word' id='word_1_85' title='bbox 841 1520 970 1585; x_wconf 87' lang='lat' dir='ltr'><strong>tametsi</strong></span> <span class='ocrx_word' id='word_1_86' title='bbox 984 1519 1114 1585; x_wconf 87' lang='lat' dir='ltr'><strong>mineris</strong></span> <span class='ocrx_word' id='word_1_87' title='bbox 1129 1519 1230 1584; x_wconf 89' lang='lat' dir='ltr'><strong>multe</strong></span> <span class='ocrx_word' id='word_1_88' title='bbox 1244 1519 1338 1604; x_wconf 90' lang='lat' dir='ltr'><strong>pretii</strong></span> <span class='ocrx_word' id='word_1_89' title='bbox 1352 1536 1478 1584; x_wconf 75' lang='lat' dir='ltr'><strong>mersio</strong></span> 
     </span>
     <span class='ocr_line' id='line_1_12' title="bbox 309 1621 1441 1707; baseline 0.001 -21"><span class='ocrx_word' id='word_1_90' title='bbox 309 1623 415 1686; x_wconf 88' lang='lat' dir='ltr'><strong>nostra</strong></span> <span class='ocrx_word' id='word_1_91' title='bbox 439 1622 486 1686; x_wconf 92' lang='lat' dir='ltr'><strong>est</strong></span> <span class='ocrx_word' id='word_1_92' title='bbox 508 1640 604 1704; x_wconf 90' lang='lat' dir='ltr'><strong>quam</strong></span> <span class='ocrx_word' id='word_1_93' title='bbox 626 1639 692 1688; x_wconf 87' lang='lat' dir='ltr'><strong>sua.</strong></span> <span class='ocrx_word' id='word_1_94' title='bbox 723 1639 783 1704; x_wconf 88' lang='lat' dir='ltr'><strong>quo</strong></span> <span class='ocrx_word' id='word_1_95' title='bbox 805 1621 908 1702; x_wconf 77' lang='lat' dir='ltr'><strong>litut,</strong></span> <span class='ocrx_word' id='word_1_96' title='bbox 932 1621 1056 1688; x_wconf 89' lang='lat' dir='ltr'><strong>etiamsi</strong></span> <span class='ocrx_word' id='word_1_97' title='bbox 1072 1626 1205 1687; x_wconf 90' lang='lat' dir='ltr'><strong>mortem</strong></span> <span class='ocrx_word' id='word_1_98' title='bbox 1220 1621 1441 1707; x_wconf 74' lang='lat' dir='ltr'><strong>suscipiamus,</strong></span> 
     </span>
     <span class='ocr_line' id='line_1_13' title="bbox 309 1724 1442 1808; baseline 0.002 -19"><span class='ocrx_word' id='word_1_99' title='bbox 309 1724 453 1792; x_wconf 87' lang='lat' dir='ltr'><strong>debitum</strong></span> <span class='ocrx_word' id='word_1_100' title='bbox 475 1727 583 1790; x_wconf 88' lang='lat' dir='ltr'><strong>tamen</strong></span> <span class='ocrx_word' id='word_1_101' title='bbox 605 1741 668 1788; x_wconf 88' lang='lat' dir='ltr'><strong>uon</strong></span> <span class='ocrx_word' id='word_1_102' title='bbox 689 1725 897 1791; x_wconf 82' lang='lat' dir='ltr'><strong>exsoluamus.</strong></span> <span class='ocrx_word' id='word_1_103' title='bbox 928 1726 983 1792; x_wconf 90' lang='lat' dir='ltr'><strong>sed</strong></span> <span class='ocrx_word' id='word_1_104' title='bbox 998 1729 1105 1791; x_wconf 87' lang='lat' dir='ltr'><strong>tamen</strong></span> <span class='ocrx_word' id='word_1_105' title='bbox 1120 1725 1194 1808; x_wconf 90' lang='lat' dir='ltr'><strong>quia</strong></span> <span class='ocrx_word' id='word_1_106' title='bbox 1207 1727 1310 1792; x_wconf 88' lang='lat' dir='ltr'><strong>maius</strong></span> <span class='ocrx_word' id='word_1_107' title='bbox 1325 1725 1442 1791; x_wconf 84' lang='lat' dir='ltr'><strong>referre</strong></span> 
     </span>
    </p>
   </div>
   <div class='ocr_carea' id='block_1_3' title="bbox 258 1829 1487 2537">
    <p class='ocr_par' dir='ltr' id='par_1_3' title="bbox 258 1829 1443 2017">
     <span class='ocr_line' id='line_1_14' title="bbox 310 1829 1443 1913; baseline 0.003 -21"><span class='ocrx_word' id='word_1_108' title='bbox 310 1845 372 1894; x_wconf 89' lang='lat' dir='ltr'><strong>nun</strong></span> <span class='ocrx_word' id='word_1_109' title='bbox 386 1847 560 1913; x_wconf 87' lang='lat' dir='ltr'><strong>pessumus,</strong></span> <span class='ocrx_word' id='word_1_110' title='bbox 581 1829 684 1894; x_wconf 86' lang='lat' dir='ltr'><strong>tetum</strong></span> <span class='ocrx_word' id='word_1_111' title='bbox 699 1829 826 1895; x_wconf 89' lang='lat' dir='ltr'><strong>reddere</strong></span> <span class='ocrx_word' id='word_1_112' title='bbox 841 1829 996 1910; x_wconf 86' lang='lat' dir='ltr'><strong>uidemur,</strong></span> <span class='ocrx_word' id='word_1_113' title='bbox 1018 1829 1047 1894; x_wconf 90' lang='lat' dir='ltr'><strong>si</strong></span> <span class='ocrx_word' id='word_1_114' title='bbox 1061 1831 1166 1896; x_wconf 89' lang='lat' dir='ltr'><strong>totum</strong></span> <span class='ocrx_word' id='word_1_115' title='bbox 1181 1830 1262 1912; x_wconf 87' lang='lat' dir='ltr'><strong>qued</strong></span> <span class='ocrx_word' id='word_1_116' title='bbox 1276 1848 1443 1913; x_wconf 88' lang='lat' dir='ltr'><strong>possumus</strong></span> 
     </span>
     <span class='ocr_line' id='line_1_15' title="bbox 258 1929 1442 2017; baseline 0.003 -21"><span class='ocrx_word' id='word_1_117' title='bbox 258 1929 438 1998; x_wconf 77' lang='lat' dir='ltr'><strong>t1reedsrs</strong></span> <span class='ocrx_word' id='word_1_118' title='bbox 461 1933 637 1998; x_wconf 86' lang='lat' dir='ltr'><strong>reddamus.</strong></span> <span class='ocrx_word' id='word_1_119' title='bbox 671 1933 776 2014; x_wconf 87' lang='lat' dir='ltr'><strong>itaque</strong></span> <span class='ocrx_word' id='word_1_120' title='bbox 797 1933 909 2017; x_wconf 88' lang='lat' dir='ltr'><strong>prima,</strong></span> <span class='ocrx_word' id='word_1_121' title='bbox 931 1934 968 1999; x_wconf 93' lang='lat' dir='ltr'><strong>ut</strong></span> <span class='ocrx_word' id='word_1_122' title='bbox 991 1932 1063 2010; x_wconf 84' lang='lat' dir='ltr'><strong>dixi,</strong></span> <span class='ocrx_word' id='word_1_123' title='bbox 1093 1935 1170 1999; x_wconf 89' lang='lat' dir='ltr'><strong>haec</strong></span> <span class='ocrx_word' id='word_1_124' title='bbox 1191 1933 1359 2000; x_wconf 87' lang='lat' dir='ltr'><strong>redhibitio</strong></span> <span class='ocrx_word' id='word_1_125' title='bbox 1382 1936 1442 1999; x_wconf 91' lang='lat' dir='ltr'><strong>est.</strong></span> 
     </span>
    </p>

    <p class='ocr_par' dir='ltr' id='par_1_4' title="bbox 262 2035 1487 2537">
     <span class='ocr_line' id='line_1_16' title="bbox 262 2035 1487 2116; baseline -0.004 -14"><span class='ocrx_word' id='word_1_126' title='bbox 262 2095 265 2102; x_wconf 21' lang='grc' dir='ltr'><strong><em>Δ</em></strong></span> <span class='ocrx_word' id='word_1_127' title='bbox 310 2035 445 2101; x_wconf 88' lang='lat' dir='ltr'><strong>secunda</strong></span> <span class='ocrx_word' id='word_1_128' title='bbox 468 2035 641 2114; x_wconf 86' lang='lat' dir='ltr'><strong>autemut,</strong></span> <span class='ocrx_word' id='word_1_129' title='bbox 664 2036 692 2100; x_wconf 90' lang='lat' dir='ltr'><strong>si</strong></span> <span class='ocrx_word' id='word_1_130' title='bbox 713 2035 855 2102; x_wconf 90' lang='lat' dir='ltr'><strong>debitum</strong></span> <span class='ocrx_word' id='word_1_131' title='bbox 869 2039 970 2102; x_wconf 88' lang='lat' dir='ltr'><strong>morte</strong></span> <span class='ocrx_word' id='word_1_132' title='bbox 992 2056 1055 2103; x_wconf 88' lang='lat' dir='ltr'><strong>nou</strong></span> <span class='ocrx_word' id='word_1_133' title='bbox 1075 2037 1237 2116; x_wconf 80' lang='lat' dir='ltr'><strong>soluimus,</strong></span> <span class='ocrx_word' id='word_1_134' title='bbox 1260 2036 1313 2102; x_wconf 92' lang='lat' dir='ltr'><strong>uel</strong></span> <span class='ocrx_word' id='word_1_135' title='bbox 1336 2055 1487 2103; x_wconf 67' lang='lat' dir='ltr'><strong>amoreis</strong></span> 
     </span>
     <span class='ocr_line' id='line_1_17' title="bbox 311 2138 1443 2224; baseline 0.003 -21"><span class='ocrx_word' id='word_1_136' title='bbox 311 2138 483 2206; x_wconf 89' lang='lat' dir='ltr'><strong>soluamus.</strong></span> <span class='ocrx_word' id='word_1_137' title='bbox 518 2158 591 2206; x_wconf 89' lang='lat' dir='ltr'><strong>nam</strong></span> <span class='ocrx_word' id='word_1_138' title='bbox 612 2139 681 2222; x_wconf 88' lang='lat' dir='ltr'><strong>ipse</strong></span> <span class='ocrx_word' id='word_1_139' title='bbox 704 2139 841 2206; x_wconf 89' lang='lat' dir='ltr'><strong>saluatur</strong></span> <span class='ocrx_word' id='word_1_140' title='bbox 863 2139 941 2220; x_wconf 85' lang='lat' dir='ltr'><strong>ideo,</strong></span> <span class='ocrx_word' id='word_1_141' title='bbox 964 2142 1002 2206; x_wconf 91' lang='lat' dir='ltr'><strong>ut</strong></span> <span class='ocrx_word' id='word_1_142' title='bbox 1020 2141 1065 2206; x_wconf 89' lang='lat' dir='ltr'><strong>ait</strong></span> <span class='ocrx_word' id='word_1_143' title='bbox 1086 2141 1256 2224; x_wconf 89' lang='lat' dir='ltr'><strong>apestolus,</strong></span> <span class='ocrx_word' id='word_1_144' title='bbox 1279 2141 1443 2206; x_wconf 88' lang='lat' dir='ltr'><strong>moriende</strong></span> 
     </span>
     <span class='ocr_line' id='line_1_18' title="bbox 311 2242 1444 2324; baseline 0.002 -18"><span class='ocrx_word' id='word_1_145' title='bbox 311 2260 367 2324; x_wconf 87' lang='lat' dir='ltr'><strong>pre</strong></span> <span class='ocrx_word' id='word_1_146' title='bbox 388 2242 477 2310; x_wconf 88' lang='lat' dir='ltr'><strong>uobis</strong></span> <span class='ocrx_word' id='word_1_147' title='bbox 500 2242 715 2309; x_wconf 86' lang='lat' dir='ltr'><strong>commendare</strong></span> <span class='ocrx_word' id='word_1_148' title='bbox 728 2242 871 2310; x_wconf 90' lang='lat' dir='ltr'><strong>omuibus</strong></span> <span class='ocrx_word' id='word_1_149' title='bbox 894 2244 996 2310; x_wconf 85' lang='lat' dir='ltr'><strong>uoluit</strong></span> <span class='ocrx_word' id='word_1_150' title='bbox 1018 2243 1182 2310; x_wconf 87' lang='lat' dir='ltr'><strong>caritatem</strong></span> <span class='ocrx_word' id='word_1_151' title='bbox 1203 2262 1303 2324; x_wconf 79' lang='lat' dir='ltr'><strong>suam,</strong></span> <span class='ocrx_word' id='word_1_152' title='bbox 1326 2246 1364 2309; x_wconf 91' lang='lat' dir='ltr'><strong>ut</strong></span> <span class='ocrx_word' id='word_1_153' title='bbox 1385 2263 1444 2310; x_wconf 88' lang='lat' dir='ltr'><strong>nos</strong></span> 
     </span>
     <span class='ocr_line' id='line_1_19' title="bbox 311 2345 1446 2434; baseline 0.003 -23"><span class='ocrx_word' id='word_1_154' title='bbox 311 2346 351 2411; x_wconf 90' lang='lat' dir='ltr'><strong>ad</strong></span> <span class='ocrx_word' id='word_1_155' title='bbox 373 2345 560 2434; x_wconf 81' lang='lat' dir='ltr'><strong>reddendam</strong></span> <span class='ocrx_word' id='word_1_156' title='bbox 584 2347 697 2432; x_wconf 85' lang='lat' dir='ltr'><strong>pietati</strong></span> <span class='ocrx_word' id='word_1_157' title='bbox 719 2349 828 2413; x_wconf 88' lang='lat' dir='ltr'><strong>tentae</strong></span> <span class='ocrx_word' id='word_1_158' title='bbox 848 2347 1100 2414; x_wconf 87' lang='lat' dir='ltr'><strong>uicissitudinem</strong></span> <span class='ocrx_word' id='word_1_159' title='bbox 1127 2349 1256 2431; x_wconf 87' lang='lat' dir='ltr'><strong>pietatis</strong></span> <span class='ocrx_word' id='word_1_160' title='bbox 1278 2366 1354 2413; x_wconf 89' lang='lat' dir='ltr'><strong>suae</strong></span> <span class='ocrx_word' id='word_1_161' title='bbox 1374 2349 1446 2414; x_wconf 87' lang='lat' dir='ltr'><strong>tra·</strong></span> 
     </span>
     <span class='ocr_line' id='line_1_20' title="bbox 310 2449 1446 2537; baseline 0.004 -23"><span class='ocrx_word' id='word_1_162' title='bbox 310 2449 399 2526; x_wconf 89' lang='lat' dir='ltr'><strong>heret</strong></span> <span class='ocrx_word' id='word_1_163' title='bbox 432 2453 582 2534; x_wconf 81' lang='lat' dir='ltr'><strong>exempla</strong></span> <span class='ocrx_word' id='word_1_164' title='bbox 619 2453 651 2516; x_wconf 91' lang='lat' dir='ltr'><strong>et</strong></span> <span class='ocrx_word' id='word_1_165' title='bbox 681 2451 764 2516; x_wconf 86' lang='lat' dir='ltr'><strong>sicut</strong></span> <span class='ocrx_word' id='word_1_166' title='bbox 797 2451 868 2516; x_wconf 88' lang='lat' dir='ltr'><strong>illas</strong></span> <span class='ocrx_word' id='word_1_167' title='bbox 903 2455 1031 2518; x_wconf 86' lang='lat' dir='ltr'><strong>naturae</strong></span> <span class='ocrx_word' id='word_1_168' title='bbox 1066 2452 1267 2518; x_wconf 89' lang='lat' dir='ltr'><strong>admirabiles</strong></span> <span class='ocrx_word' id='word_1_169' title='bbox 1300 2470 1446 2537; x_wconf 84' lang='lat' dir='ltr'><strong>gemmas</strong></span> 
     </span>
    </p>
   </div>
   <div class='ocr_carea' id='block_1_4' title="bbox 309 2553 1487 3154">
    <p class='ocr_par' dir='ltr' id='par_1_5' title="bbox 309 2553 1487 3154">
     <span class='ocr_line' id='line_1_21' title="bbox 309 2553 1483 2638; baseline -0.001 -21"><span class='ocrx_word' id='word_1_170' title='bbox 309 2553 426 2634; x_wconf 86' lang='lat' dir='ltr'><strong>ferunt,</strong></span> <span class='ocrx_word' id='word_1_171' title='bbox 449 2572 527 2636; x_wconf 90' lang='lat' dir='ltr'><strong>quae</strong></span> <span class='ocrx_word' id='word_1_172' title='bbox 548 2554 629 2620; x_wconf 86' lang='lat' dir='ltr'><strong>ferro</strong></span> <span class='ocrx_word' id='word_1_173' title='bbox 651 2555 778 2638; x_wconf 87' lang='lat' dir='ltr'><strong>propius</strong></span> <span class='ocrx_word' id='word_1_174' title='bbox 802 2555 946 2620; x_wconf 88' lang='lat' dir='ltr'><strong>admotae</strong></span> <span class='ocrx_word' id='word_1_175' title='bbox 961 2555 1165 2622; x_wconf 89' lang='lat' dir='ltr'><strong>durissimum</strong></span> <span class='ocrx_word' id='word_1_176' title='bbox 1186 2554 1261 2620; x_wconf 91' lang='lat' dir='ltr'><strong>licet</strong></span> <span class='ocrx_word' id='word_1_177' title='bbox 1284 2553 1483 2621; x_wconf 84' lang='lat' dir='ltr'><strong>chalibemro</strong></span> 
     </span>
     <span class='ocr_line' id='line_1_22' title="bbox 311 2655 1446 2742; baseline 0.004 -20"><span class='ocrx_word' id='word_1_178' title='bbox 311 2655 426 2722; x_wconf 88' lang='lat' dir='ltr'><strong>affectu</strong></span> <span class='ocrx_word' id='word_1_179' title='bbox 447 2657 535 2741; x_wconf 86' lang='lat' dir='ltr'><strong>quasi</strong></span> <span class='ocrx_word' id='word_1_180' title='bbox 557 2658 697 2742; x_wconf 86' lang='lat' dir='ltr'><strong>spirante</strong></span> <span class='ocrx_word' id='word_1_181' title='bbox 711 2659 916 2741; x_wconf 89' lang='lat' dir='ltr'><strong>suspendunt,</strong></span> <span class='ocrx_word' id='word_1_182' title='bbox 938 2659 986 2724; x_wconf 91' lang='lat' dir='ltr'><strong>ita</strong></span> <span class='ocrx_word' id='word_1_183' title='bbox 1004 2660 1102 2725; x_wconf 90' lang='lat' dir='ltr'><strong>etiam</strong></span> <span class='ocrx_word' id='word_1_184' title='bbox 1117 2659 1182 2742; x_wconf 90' lang='lat' dir='ltr'><strong>ille,</strong></span> <span class='ocrx_word' id='word_1_185' title='bbox 1205 2660 1238 2725; x_wconf 93' lang='lat' dir='ltr'><strong>id</strong></span> <span class='ocrx_word' id='word_1_186' title='bbox 1254 2661 1302 2724; x_wconf 91' lang='lat' dir='ltr'><strong>est</strong></span> <span class='ocrx_word' id='word_1_187' title='bbox 1316 2677 1446 2726; x_wconf 88' lang='lat' dir='ltr'><strong>summa</strong></span> 
     </span>
     <span class='ocr_line' id='line_1_23' title="bbox 311 2759 1447 2845; baseline 0.004 -22"><span class='ocrx_word' id='word_1_188' title='bbox 311 2760 344 2823; x_wconf 88' lang='lat' dir='ltr'><strong>st</strong></span> <span class='ocrx_word' id='word_1_189' title='bbox 365 2759 539 2826; x_wconf 87' lang='lat' dir='ltr'><strong>clarissima</strong></span> <span class='ocrx_word' id='word_1_190' title='bbox 560 2779 726 2844; x_wconf 83' lang='lat' dir='ltr'><strong>regnorum</strong></span> <span class='ocrx_word' id='word_1_191' title='bbox 749 2761 932 2826; x_wconf 90' lang='lat' dir='ltr'><strong>caelestium</strong></span> <span class='ocrx_word' id='word_1_192' title='bbox 954 2780 1090 2845; x_wconf 80' lang='lat' dir='ltr'><strong>gemma,</strong></span> <span class='ocrx_word' id='word_1_193' title='bbox 1114 2763 1172 2828; x_wconf 89' lang='lat' dir='ltr'><strong>hec</strong></span> <span class='ocrx_word' id='word_1_194' title='bbox 1194 2761 1316 2827; x_wconf 91' lang='lat' dir='ltr'><strong>scilicet</strong></span> <span class='ocrx_word' id='word_1_195' title='bbox 1338 2762 1447 2828; x_wconf 85' lang='lat' dir='ltr'><strong>uoluit</strong></span> 
     </span>
     <span class='ocr_line' id='line_1_24' title="bbox 311 2862 1446 2949; baseline 0.004 -21"><span class='ocrx_word' id='word_1_196' title='bbox 311 2863 355 2942; x_wconf 78' lang='lat' dir='ltr'><strong>ut</strong></span> <span class='ocrx_word' id='word_1_197' title='bbox 379 2863 455 2928; x_wconf 90' lang='lat' dir='ltr'><strong>dum</strong></span> <span class='ocrx_word' id='word_1_198' title='bbox 477 2881 511 2928; x_wconf 90' lang='lat' dir='ltr'><strong>se</strong></span> <span class='ocrx_word' id='word_1_199' title='bbox 532 2862 607 2928; x_wconf 90' lang='lat' dir='ltr'><strong>licet</strong></span> <span class='ocrx_word' id='word_1_200' title='bbox 629 2864 806 2931; x_wconf 88' lang='lat' dir='ltr'><strong>durissimis</strong></span> <span class='ocrx_word' id='word_1_201' title='bbox 828 2866 916 2931; x_wconf 90' lang='lat' dir='ltr'><strong>uobis</strong></span> <span class='ocrx_word' id='word_1_202' title='bbox 938 2866 1128 2932; x_wconf 78' lang='lat' dir='ltr'><strong>descendeus</strong></span> <span class='ocrx_word' id='word_1_203' title='bbox 1151 2865 1189 2932; x_wconf 93' lang='lat' dir='ltr'><strong>de</strong></span> <span class='ocrx_word' id='word_1_204' title='bbox 1207 2866 1291 2932; x_wconf 89' lang='lat' dir='ltr'><strong>caelu</strong></span> <span class='ocrx_word' id='word_1_205' title='bbox 1314 2865 1446 2949; x_wconf 86' lang='lat' dir='ltr'><strong>propius</strong></span> 
     </span>
     <span class='ocr_line' id='line_1_25' title="bbox 311 2965 1448 3050; baseline 0.004 -19"><span class='ocrx_word' id='word_1_206' title='bbox 311 2966 504 3048; x_wconf 80' lang='lat' dir='ltr'><strong>adiungeret,</strong></span> <span class='ocrx_word' id='word_1_207' title='bbox 539 2965 665 3032; x_wconf 84' lang='lat' dir='ltr'><strong>affectui</strong></span> <span class='ocrx_word' id='word_1_208' title='bbox 699 2986 755 3034; x_wconf 88' lang='lat' dir='ltr'><strong>suo</strong></span> <span class='ocrx_word' id='word_1_209' title='bbox 782 2987 838 3045; x_wconf 83' lang='lat' dir='ltr'><strong>res</strong></span> <span class='ocrx_word' id='word_1_210' title='bbox 866 2969 956 3050; x_wconf 86' lang='lat' dir='ltr'><strong>quasi</strong></span> <span class='ocrx_word' id='word_1_211' title='bbox 989 2971 1102 3034; x_wconf 90' lang='lat' dir='ltr'><strong>amoris</strong></span> <span class='ocrx_word' id='word_1_212' title='bbox 1131 2969 1181 3035; x_wconf 91' lang='lat' dir='ltr'><strong>sui</strong></span> <span class='ocrx_word' id='word_1_213' title='bbox 1209 2969 1355 3036; x_wconf 90' lang='lat' dir='ltr'><strong>manibus</strong></span> <span class='ocrx_word' id='word_1_214' title='bbox 1385 2969 1448 3036; x_wconf 91' lang='lat' dir='ltr'><strong>ad-</strong></span> 
     </span>
     <span class='ocr_line' id='line_1_26' title="bbox 310 3069 1487 3154; baseline 0.003 -19"><span class='ocrx_word' id='word_1_215' title='bbox 310 3071 461 3151; x_wconf 88' lang='lat' dir='ltr'><strong>moueret,</strong></span> <span class='ocrx_word' id='word_1_216' title='bbox 494 3069 532 3134; x_wconf 91' lang='lat' dir='ltr'><strong>ut</strong></span> <span class='ocrx_word' id='word_1_217' title='bbox 559 3072 763 3154; x_wconf 85' lang='lat' dir='ltr'><strong>agnoscentes</strong></span> <span class='ocrx_word' id='word_1_218' title='bbox 796 3071 906 3153; x_wconf 89' lang='lat' dir='ltr'><strong>utique</strong></span> <span class='ocrx_word' id='word_1_219' title='bbox 939 3070 1019 3136; x_wconf 89' lang='lat' dir='ltr'><strong>duna</strong></span> <span class='ocrx_word' id='word_1_220' title='bbox 1051 3091 1108 3138; x_wconf 92' lang='lat' dir='ltr'><strong>sua</strong></span> <span class='ocrx_word' id='word_1_221' title='bbox 1137 3090 1174 3138; x_wconf 87' lang='lat' dir='ltr'><strong>ac</strong></span> <span class='ocrx_word' id='word_1_222' title='bbox 1207 3073 1356 3140; x_wconf 88' lang='lat' dir='ltr'><strong>beneficia</strong></span> <span class='ocrx_word' id='word_1_223' title='bbox 1389 3073 1444 3138; x_wconf 90' lang='lat' dir='ltr'><strong>in·</strong></span> <span class='ocrx_word' id='word_1_224' title='bbox 1457 3095 1487 3138; x_wconf 78' lang='lat' dir='ltr'><strong>aa</strong></span> 
     </span>
    </p>
   </div>
   <div class='ocr_carea' id='block_1_5' title="bbox 413 3239 651 3306">
    <p class='ocr_par' dir='ltr' id='par_1_6' title="bbox 413 3239 651 3306">
     <span class='ocr_line' id='line_1_27' title="bbox 413 3239 651 3306; baseline 0 -12"><span class='ocrx_word' id='word_1_225' title='bbox 413 3240 430 3294; x_wconf 88' lang='grc'><strong>6</strong></span> <span class='ocrx_word' id='word_1_226' title='bbox 448 3239 521 3294; x_wconf 88' lang='lat' dir='ltr'><strong>Psal.</strong></span> <span class='ocrx_word' id='word_1_227' title='bbox 540 3240 599 3306; x_wconf 83' lang='lat'>115,</span> <span class='ocrx_word' id='word_1_228' title='bbox 618 3240 651 3295; x_wconf 89' lang='grc'><strong>12</strong></span> 
     </span>
    </p>
   </div>
   <div class='ocr_carea' id='block_1_6' title="bbox 308 3394 1451 4408">
    <p class='ocr_par' dir='ltr' id='par_1_7' title="bbox 308 3394 1451 4408">
     <span class='ocr_line' id='line_1_28' title="bbox 364 3394 1450 3470; baseline 0.005 -21"><span class='ocrx_word' id='word_1_229' title='bbox 364 3394 378 3449; x_wconf 96' lang='grc'>1</span> <span class='ocrx_word' id='word_1_230' title='bbox 407 3395 528 3450; x_wconf 59' lang='lat' dir='ltr'><strong>metabus</strong></span> <span class='ocrx_word' id='word_1_231' title='bbox 551 3397 671 3464; x_wconf 85' lang='lat' dir='ltr'><strong>praestat</strong></span> <span class='ocrx_word' id='word_1_232' title='bbox 696 3398 725 3450; x_wconf 99' lang='lat' dir='ltr'><strong><em>A</em></strong></span> <span class='ocrx_word' id='word_1_233' title='bbox 826 3399 844 3452; x_wconf 88' lang='grc'>5</span> <span class='ocrx_word' id='word_1_234' title='bbox 870 3399 998 3470; x_wconf 87' lang='lat' dir='ltr'><strong>propheta</strong></span> <span class='ocrx_word' id='word_1_235' title='bbox 1016 3399 1042 3454; x_wconf 91' lang='lat' dir='ltr'><strong>ei</strong></span> <span class='ocrx_word' id='word_1_236' title='bbox 1059 3399 1155 3454; x_wconf 87' lang='lat' dir='ltr'><strong>debere</strong></span> <span class='ocrx_word' id='word_1_237' title='bbox 1181 3400 1209 3454; x_wconf 99' lang='grc' dir='ltr'><strong><em>Β</em></strong></span> <span class='ocrx_word' id='word_1_238' title='bbox 1312 3399 1329 3453; x_wconf 89' lang='grc'><strong>9</strong></span> <span class='ocrx_word' id='word_1_239' title='bbox 1356 3401 1450 3456; x_wconf 85' lang='lat' dir='ltr'><strong>morte</strong></span> 
     </span>
     <span class='ocr_line' id='line_1_29' title="bbox 310 3479 1449 3556; baseline 0.005 -22"><span class='ocrx_word' id='word_1_240' title='bbox 310 3479 394 3534; x_wconf 87' lang='lat' dir='ltr'><strong>morti</strong></span> <span class='ocrx_word' id='word_1_241' title='bbox 412 3497 446 3536; x_wconf 82' lang='lat' dir='ltr'><strong>aec</strong></span> <span class='ocrx_word' id='word_1_242' title='bbox 463 3485 549 3537; x_wconf 75' lang='lat' dir='ltr'><strong>morte</strong></span> <span class='ocrx_word' id='word_1_243' title='bbox 566 3485 654 3537; x_wconf 87' lang='lat' dir='ltr'><strong>morte</strong></span> <span class='ocrx_word' id='word_1_244' title='bbox 671 3483 699 3536; x_wconf 92' lang='lat' dir='ltr'><strong><em>A</em></strong></span> <span class='ocrx_word' id='word_1_245' title='bbox 716 3498 786 3541; x_wconf 81' lang='lat' dir='ltr'><strong>corr.</strong></span> <span class='ocrx_word' id='word_1_246' title='bbox 804 3488 875 3540; x_wconf 83' lang='lat' dir='ltr'><strong>m.2</strong></span> <span class='ocrx_word' id='word_1_247' title='bbox 973 3484 1030 3556; x_wconf 87' lang='lat' dir='ltr'><strong>qui]</strong></span> <span class='ocrx_word' id='word_1_248' title='bbox 1049 3485 1120 3555; x_wconf 86' lang='lat' dir='ltr'><strong>quod</strong></span> <span class='ocrx_word' id='word_1_249' title='bbox 1137 3486 1166 3539; x_wconf 91' lang='grc' dir='ltr'><strong><em>Β</em></strong></span> <span class='ocrx_word' id='word_1_250' title='bbox 1270 3486 1304 3539; x_wconf 89' lang='grc'><strong>13</strong></span> <span class='ocrx_word' id='word_1_251' title='bbox 1321 3484 1449 3540; x_wconf 87' lang='lat' dir='ltr'><strong>redibere</strong></span> 
     </span>
     <span class='ocr_line' id='line_1_30' title="bbox 310 3567 1449 3642; baseline 0.003 -20"><span class='ocrx_word' id='word_1_252' title='bbox 310 3572 390 3636; x_wconf 77' lang='lat' dir='ltr'><strong>(poet</strong></span> <span class='ocrx_word' id='word_1_253' title='bbox 407 3571 559 3638; x_wconf 86' lang='lat' dir='ltr'><strong>pessumus)</strong></span> <span class='ocrx_word' id='word_1_254' title='bbox 577 3569 607 3623; x_wconf 92' lang='grc' dir='ltr'><strong><em>Β</em></strong></span> <span class='ocrx_word' id='word_1_255' title='bbox 705 3567 740 3624; x_wconf 87' lang='grc'><strong>14</strong></span> <span class='ocrx_word' id='word_1_256' title='bbox 756 3570 910 3642; x_wconf 90' lang='lat' dir='ltr'><strong>reddamus]</strong></span> <span class='ocrx_word' id='word_1_257' title='bbox 927 3571 1002 3641; x_wconf 76' lang='lat' dir='ltr'><strong>quod</strong></span> <span class='ocrx_word' id='word_1_258' title='bbox 1018 3571 1051 3627; x_wconf 79' lang='lat' dir='ltr'><strong>ia</strong></span> <span class='ocrx_word' id='word_1_259' title='bbox 1068 3572 1128 3627; x_wconf 82' lang='lat' dir='ltr'><strong>cdd.</strong></span> <span class='ocrx_word' id='word_1_260' title='bbox 1147 3577 1214 3626; x_wconf 79' lang='lat' dir='ltr'><strong>unte</strong></span> <span class='ocrx_word' id='word_1_261' title='bbox 1228 3571 1374 3626; x_wconf 76' lang='lat' dir='ltr'><strong>Halmium</strong></span> <span class='ocrx_word' id='word_1_262' title='bbox 1392 3588 1449 3640; x_wconf 80' lang='lat' dir='ltr'><strong>ap-</strong></span> 
     </span>
     <span class='ocr_line' id='line_1_31' title="bbox 308 3655 1448 3726; baseline 0.004 -18"><span class='ocrx_word' id='word_1_263' title='bbox 308 3659 390 3722; x_wconf 79' lang='lat' dir='ltr'><strong>paret</strong></span> <span class='ocrx_word' id='word_1_264' title='bbox 412 3670 537 3709; x_wconf 86' lang='lat' dir='ltr'><strong>curamus</strong></span> <span class='ocrx_word' id='word_1_265' title='bbox 560 3655 731 3711; x_wconf 80' lang='lat' dir='ltr'><strong>Brassicuau</strong></span> <span class='ocrx_word' id='word_1_266' title='bbox 758 3655 871 3712; x_wconf 81' lang='lat' dir='ltr'><strong>debetur</strong></span> <span class='ocrx_word' id='word_1_267' title='bbox 894 3659 943 3726; x_wconf 75' lang='lat' dir='ltr'><strong>qut</strong></span> <span class='ocrx_word' id='word_1_268' title='bbox 964 3657 1004 3712; x_wconf 81' lang='lat' dir='ltr'><strong>sic</strong></span> <span class='ocrx_word' id='word_1_269' title='bbox 1026 3658 1137 3726; x_wconf 68' lang='lat' dir='ltr'><strong>scripsit</strong></span> <span class='ocrx_word' id='word_1_270' title='bbox 1158 3658 1191 3713; x_wconf 79' lang='lat' dir='ltr'><strong>ia</strong></span> <span class='ocrx_word' id='word_1_271' title='bbox 1212 3673 1269 3713; x_wconf 81' lang='lat' dir='ltr'><strong>rua.</strong></span> <span class='ocrx_word' id='word_1_272' title='bbox 1286 3658 1363 3712; x_wconf 65' lang='lat' dir='ltr'><strong>abab</strong></span> <span class='ocrx_word' id='word_1_273' title='bbox 1380 3657 1448 3712; x_wconf 88' lang='lat' dir='ltr'><strong>red·</strong></span> 
     </span>
     <span class='ocr_line' id='line_1_32' title="bbox 311 3739 1372 3799; baseline 0.004 -5"><span class='ocrx_word' id='word_1_274' title='bbox 311 3739 406 3794; x_wconf 69' lang='lat' dir='ltr'><strong>murus</strong></span> <span class='ocrx_word' id='word_1_275' title='bbox 428 3741 461 3796; x_wconf 77' lang='lat' dir='ltr'><strong>in</strong></span> <span class='ocrx_word' id='word_1_276' title='bbox 483 3758 500 3796; x_wconf 83' lang='lat' dir='ltr'><strong>u</strong></span> <span class='ocrx_word' id='word_1_277' title='bbox 602 3740 732 3796; x_wconf 88' lang='lat' dir='ltr'><strong>redibitio</strong></span> <span class='ocrx_word' id='word_1_278' title='bbox 756 3757 791 3798; x_wconf 78' lang='lat' dir='ltr'><strong>ea</strong></span> <span class='ocrx_word' id='word_1_279' title='bbox 813 3742 945 3798; x_wconf 90' lang='lat' dir='ltr'><strong>redebitio</strong></span> <span class='ocrx_word' id='word_1_280' title='bbox 965 3744 993 3797; x_wconf 91' lang='lat' dir='ltr'><strong><em>A</em></strong></span> <span class='ocrx_word' id='word_1_281' title='bbox 1011 3759 1080 3798; x_wconf 82' lang='lat' dir='ltr'><strong>cerr.</strong></span> <span class='ocrx_word' id='word_1_282' title='bbox 1099 3760 1133 3798; x_wconf 89' lang='lat' dir='ltr'><strong>m.</strong></span> <span class='ocrx_word' id='word_1_283' title='bbox 1152 3746 1172 3798; x_wconf 84' lang='lat'><strong><em>2</em></strong></span> <span class='ocrx_word' id='word_1_284' title='bbox 1199 3743 1326 3799; x_wconf 88' lang='lat' dir='ltr'><strong>redibitio</strong></span> <span class='ocrx_word' id='word_1_285' title='bbox 1343 3743 1372 3798; x_wconf 90' lang='grc' dir='ltr'><strong><em>Β</em></strong></span> 
     </span>
     <span class='ocr_line' id='line_1_33' title="bbox 311 3827 1448 3898; baseline 0.004 -16"><span class='ocrx_word' id='word_1_286' title='bbox 311 3828 344 3882; x_wconf 79' lang='grc'><strong>17</strong></span> <span class='ocrx_word' id='word_1_287' title='bbox 368 3827 456 3882; x_wconf 88' lang='lat' dir='ltr'><strong>uoluit</strong></span> <span class='ocrx_word' id='word_1_288' title='bbox 478 3827 604 3884; x_wconf 83' lang='lat' dir='ltr'><strong>omuibus</strong></span> <span class='ocrx_word' id='word_1_289' title='bbox 628 3828 656 3883; x_wconf 96' lang='grc' dir='ltr'><strong><em>Β</em></strong></span> <span class='ocrx_word' id='word_1_290' title='bbox 765 3829 799 3883; x_wconf 88' lang='lat'><strong>18</strong></span> <span class='ocrx_word' id='word_1_291' title='bbox 820 3830 917 3898; x_wconf 88' lang='lat' dir='ltr'><strong>pietati</strong></span> <span class='ocrx_word' id='word_1_292' title='bbox 940 3831 1035 3885; x_wconf 67' lang='lat' dir='ltr'><strong>mutae</strong></span> <span class='ocrx_word' id='word_1_293' title='bbox 1058 3830 1275 3886; x_wconf 85' lang='lat' dir='ltr'><strong>uicissitudinem</strong></span> <span class='ocrx_word' id='word_1_294' title='bbox 1297 3831 1448 3886; x_wconf 64' lang='lat' dir='ltr'><strong>Halmium</strong></span> 
     </span>
     <span class='ocr_line' id='line_1_34' title="bbox 310 3912 1450 3984; baseline 0.008 -19"><span class='ocrx_word' id='word_1_295' title='bbox 310 3912 441 3980; x_wconf 85' lang='lat' dir='ltr'><strong>pietatem</strong></span> <span class='ocrx_word' id='word_1_296' title='bbox 463 3915 542 3982; x_wconf 74' lang='lat' dir='ltr'><strong>tauta</strong></span> <span class='ocrx_word' id='word_1_297' title='bbox 564 3913 762 3969; x_wconf 86' lang='lat' dir='ltr'><strong>uicissitudiuis</strong></span> <span class='ocrx_word' id='word_1_298' title='bbox 785 3930 821 3970; x_wconf 81' lang='lat' dir='ltr'><strong>ec</strong></span> <span class='ocrx_word' id='word_1_299' title='bbox 843 3914 972 3984; x_wconf 87' lang='lat' dir='ltr'><strong>pietatem</strong></span> <span class='ocrx_word' id='word_1_300' title='bbox 995 3917 1072 3971; x_wconf 88' lang='lat' dir='ltr'><strong>tante</strong></span> <span class='ocrx_word' id='word_1_301' title='bbox 1094 3916 1309 3972; x_wconf 87' lang='lat' dir='ltr'><strong>uicissitudinem</strong></span> <span class='ocrx_word' id='word_1_302' title='bbox 1325 3918 1354 3970; x_wconf 97' lang='lat' dir='ltr'><strong><em>A</em></strong></span> <span class='ocrx_word' id='word_1_303' title='bbox 1372 3932 1450 3974; x_wconf 80' lang='lat' dir='ltr'><strong>corr.</strong></span> 
     </span>
     <span class='ocr_line' id='line_1_35' title="bbox 310 3998 1450 4073; baseline 0.007 -21"><span class='ocrx_word' id='word_1_304' title='bbox 310 4002 382 4054; x_wconf 67' lang='grc' dir='ltr'><em>Μ</em></span> <span class='ocrx_word' id='word_1_305' title='bbox 413 3998 544 4068; x_wconf 87' lang='lat' dir='ltr'><strong>pietatem</strong></span> <span class='ocrx_word' id='word_1_306' title='bbox 566 4001 646 4055; x_wconf 85' lang='lat' dir='ltr'><strong>tanta</strong></span> <span class='ocrx_word' id='word_1_307' title='bbox 667 3999 856 4071; x_wconf 76' lang='lat' dir='ltr'><strong>uiprsitudina</strong></span> <span class='ocrx_word' id='word_1_308' title='bbox 878 4002 915 4068; x_wconf 91' lang='grc' dir='ltr'><strong><em>Β</em></strong></span> <span class='ocrx_word' id='word_1_309' title='bbox 931 4001 984 4069; x_wconf 74' lang='lat' dir='ltr'><strong>(cf.</strong></span> <span class='ocrx_word' id='word_1_310' title='bbox 1012 4002 1058 4057; x_wconf 86' lang='lat' dir='ltr'><strong>VI</strong></span> <span class='ocrx_word' id='word_1_311' title='bbox 1075 4005 1114 4060; x_wconf 79' lang='grc'><strong>27</strong></span> <span class='ocrx_word' id='word_1_312' title='bbox 1137 4003 1300 4072; x_wconf 81' lang='lat' dir='ltr'><strong>praeclaram</strong></span> <span class='ocrx_word' id='word_1_313' title='bbox 1324 4005 1450 4073; x_wconf 86' lang='lat' dir='ltr'><strong>passioni</strong></span> 
     </span>
     <span class='ocr_line' id='line_1_36' title="bbox 311 4083 1372 4159; baseline 0.008 -21"><span class='ocrx_word' id='word_1_314' title='bbox 311 4083 369 4138; x_wconf 88' lang='lat' dir='ltr'><strong>eius</strong></span> <span class='ocrx_word' id='word_1_315' title='bbox 386 4085 604 4142; x_wconf 88' lang='lat' dir='ltr'><strong>uicissitudinem</strong></span> <span class='ocrx_word' id='word_1_316' title='bbox 621 4085 764 4142; x_wconf 86' lang='lat' dir='ltr'><strong>reddimus’</strong></span> <span class='ocrx_word' id='word_1_317' title='bbox 782 4087 923 4157; x_wconf 69' lang='lat' dir='ltr'><strong>Habebas)</strong></span> <span class='ocrx_word' id='word_1_318' title='bbox 1033 4089 1066 4144; x_wconf 90' lang='grc'><strong>19</strong></span> <span class='ocrx_word' id='word_1_319' title='bbox 1084 4091 1211 4159; x_wconf 82' lang='lat' dir='ltr'><strong>exemplo.</strong></span> <span class='ocrx_word' id='word_1_320' title='bbox 1230 4092 1258 4145; x_wconf 90' lang='lat' dir='ltr'><strong>et</strong></span> <span class='ocrx_word' id='word_1_321' title='bbox 1275 4105 1326 4146; x_wconf 88' lang='lat' dir='ltr'><strong>om.</strong></span> <span class='ocrx_word' id='word_1_322' title='bbox 1343 4091 1372 4145; x_wconf 93' lang='grc' dir='ltr'><strong><em>Β</em></strong></span> 
     </span>
     <span class='ocr_line' id='line_1_37' title="bbox 312 4170 1451 4244; baseline 0.008 -18"><span class='ocrx_word' id='word_1_323' title='bbox 312 4170 482 4228; x_wconf 85' lang='lat' dir='ltr'><strong>admirabiles</strong></span> <span class='ocrx_word' id='word_1_324' title='bbox 500 4191 536 4230; x_wconf 79' lang='lat' dir='ltr'><strong>ca</strong></span> <span class='ocrx_word' id='word_1_325' title='bbox 554 4174 633 4230; x_wconf 89' lang='lat' dir='ltr'><strong>-bilis</strong></span> <span class='ocrx_word' id='word_1_326' title='bbox 650 4173 679 4228; x_wconf 88' lang='lat' dir='ltr'><strong><em>A</em></strong></span> <span class='ocrx_word' id='word_1_327' title='bbox 696 4191 764 4242; x_wconf 68' lang='lat' dir='ltr'><strong>acra</strong></span> <span class='ocrx_word' id='word_1_328' title='bbox 783 4191 819 4244; x_wconf 63' lang='lat' dir='ltr'><strong>aa.</strong></span> <span class='ocrx_word' id='word_1_329' title='bbox 837 4178 858 4230; x_wconf 82' lang='lat'><strong><em>2</em></strong></span> <span class='ocrx_word' id='word_1_330' title='bbox 884 4175 1064 4232; x_wconf 86' lang='lat' dir='ltr'><strong>ammirabiles</strong></span> <span class='ocrx_word' id='word_1_331' title='bbox 1080 4177 1109 4232; x_wconf 92' lang='grc' dir='ltr'><strong><em>Β</em></strong></span> <span class='ocrx_word' id='word_1_332' title='bbox 1213 4177 1248 4232; x_wconf 89' lang='grc'><strong>20</strong></span> <span class='ocrx_word' id='word_1_333' title='bbox 1265 4178 1389 4233; x_wconf 88' lang='lat' dir='ltr'><strong>admotae</strong></span> <span class='ocrx_word' id='word_1_334' title='bbox 1408 4195 1451 4236; x_wconf 72' lang='lat' dir='ltr'><strong>aaa</strong></span> 
     </span>
     <span class='ocr_line' id='line_1_38' title="bbox 312 4256 1450 4333; baseline 0.008 -22"><span class='ocrx_word' id='word_1_335' title='bbox 312 4256 425 4329; x_wconf 80' lang='lat' dir='ltr'><strong>admch</strong></span> <span class='ocrx_word' id='word_1_336' title='bbox 442 4259 471 4314; x_wconf 87' lang='lat' dir='ltr'><strong><em>A</em></strong></span> <span class='ocrx_word' id='word_1_337' title='bbox 487 4276 559 4316; x_wconf 79' lang='lat' dir='ltr'><strong>corr.</strong></span> <span class='ocrx_word' id='word_1_338' title='bbox 577 4277 611 4328; x_wconf 72' lang='lat' dir='ltr'><strong>m,</strong></span> <span class='ocrx_word' id='word_1_339' title='bbox 630 4263 650 4317; x_wconf 83' lang='grc'>2</span> <span class='ocrx_word' id='word_1_340' title='bbox 713 4279 717 4285; x_wconf 91' lang='grc'><strong><em>·</em></strong></span> <span class='ocrx_word' id='word_1_341' title='bbox 752 4262 786 4316; x_wconf 94' lang='grc'><strong>22</strong></span> <span class='ocrx_word' id='word_1_342' title='bbox 804 4262 960 4318; x_wconf 83' lang='lat' dir='ltr'><strong>caelestium</strong></span> <span class='ocrx_word' id='word_1_343' title='bbox 978 4263 1088 4318; x_wconf 83' lang='lat' dir='ltr'><strong>flemma</strong></span> <span class='ocrx_word' id='word_1_344' title='bbox 1105 4279 1212 4333; x_wconf 83' lang='lat' dir='ltr'><strong>gemma</strong></span> <span class='ocrx_word' id='word_1_345' title='bbox 1229 4263 1257 4319; x_wconf 92' lang='lat' dir='ltr'><em>B</em></span> <span class='ocrx_word' id='word_1_346' title='bbox 1361 4264 1405 4324; x_wconf 85' lang='grc'><strong>24,</strong></span> <span class='ocrx_word' id='word_1_347' title='bbox 1416 4281 1450 4320; x_wconf 87' lang='lat' dir='ltr'><strong>a·</strong></span> 
     </span>
     <span class='ocr_line' id='line_1_39' title="bbox 313 4341 1245 4408; baseline 0.011 -12"><span class='ocrx_word' id='word_1_348' title='bbox 313 4341 398 4398; x_wconf 82' lang='lat' dir='ltr'><strong>tactui</strong></span> <span class='ocrx_word' id='word_1_349' title='bbox 414 4345 531 4401; x_wconf 74' lang='lat' dir='ltr'><strong>aare</strong></span> <span class='ocrx_word' id='word_1_350' title='bbox 548 4347 732 4406; x_wconf 78' lang='lat' dir='ltr'><strong>acr.m.2A</strong></span> <span class='ocrx_word' id='word_1_351' title='bbox 757 4347 856 4404; x_wconf 84' lang='lat' dir='ltr'><strong>affectu</strong></span> <span class='ocrx_word' id='word_1_352' title='bbox 873 4349 901 4404; x_wconf 96' lang='grc' dir='ltr'><strong><em>Β</em></strong></span> <span class='ocrx_word' id='word_1_353' title='bbox 1005 4351 1048 4405; x_wconf 88' lang='lat' dir='ltr'><strong>sui</strong></span> <span class='ocrx_word' id='word_1_354' title='bbox 1065 4351 1162 4408; x_wconf 85' lang='lat' dir='ltr'><strong>Aat.</strong></span> <span class='ocrx_word' id='word_1_355' title='bbox 1180 4355 1245 4407; x_wconf 86' lang='lat' dir='ltr'><strong>m.1</strong></span> 
     </span>
    </p>
   </div>
   <div class='ocr_carea' id='block_1_7' title="bbox 0 0 1528 5004">
    <p class='ocr_par' dir='ltr' id='par_1_8' title="bbox 0 0 1528 5004">
     <span class='ocr_line' id='line_1_40' title="bbox 0 0 1528 5004; baseline 0 0"><span class='ocrx_word' id='word_1_356' title='bbox 0 0 1528 5004; x_wconf 95' lang='lat' dir='ltr'><strong> </strong></span> 
     </span>
    </p>
   </div>
  </div>
 </body>
</html>
