3036 5004
431 404 468 459 de
486 404 616 474 gubern
635 405 689 458 dci
710 404 770 460 1111
789 409 804 470 ξ
822 405 932 460 64-69.
1205 408 1247 474 89

5 517 9 724 '
114 613 220 678 agere,
256 613 293 658 ex
324 593 440 658 iudicio
474 592 551 656 iusti
585 591 636 656 dei
669 610 782 676 poenas
817 591 959 660 malitiae
991 593 1153 660 sustinere.
1191 594 1297 663 seror

114 697 232 774 eadem,
255 697 379 778 inquis,
402 697 486 762 ruala
508 697 605 762 etiam
627 695 755 761 barbari
777 699 876 780 agunt
899 698 1016 762 utnon
1038 699 1113 762 sunt
1135 699 1244 766 tamen

5 729 10 978 Ι
113 804 179 865 tam
211 799 322 866 miseri
355 817 449 880 quam
480 817 536 864 nos
571 817 689 864 sumus.
726 800 785 866 hoc
815 818 889 882 ergo
923 799 1055 866 interest
1084 802 1185 884 quod„
1219 799 1246 864 si

113 903 222 968 eadem
256 903 351 986 agant
383 902 509 969 barbari
542 921 621 986 quae
654 920 711 968 nos
743 903 885 988 agimus,
915 921 971 970 nos
1001 907 1107 972 tamen
1129 906 1246 970 maiore

5 995 6 998 ¹
92 1006 280 1075 soffensione
301 1025 475 1089 peccamus.
505 1007 638 1089 possunt
660 1008 746 1074 enim
768 1009 873 1072 nostra
887 1009 919 1072 et
935 1007 1142 1074 barbarorum
1166 1007 1246 1074 uitia

113 1127 180 1174 esse
202 1111 299 1194 paria,
323 1110 376 1178 sed
398 1109 433 1174 in
455 1109 503 1174 his
526 1112 633 1176 tamen
656 1110 744 1175 uitiis
767 1126 892 1174 necesse
914 1113 961 1176 est
987 1114 1115 1193 peccata
1138 1114 1246 1177 nostra

113 1230 180 1278 osse
202 1213 355 1296 grauiora.
390 1231 465 1278 nam
488 1231 558 1278 cum
582 1230 700 1291 omnes,
724 1213 761 1276 ut
776 1212 839 1276 iam
856 1216 929 1276 ante
952 1211 1097 1292 diximus,
1119 1212 1246 1278 barbari

113 1321 168 1382 aut
199 1317 314 1400 pagani
346 1315 410 1382 sint
432 1316 488 1382 aut
509 1314 669 1394 haeretici,
703 1318 741 1380 ut
763 1316 801 1380 de
824 1315 967 1398 paganis,
1002 1319 1076 1398 quia
1097 1317 1181 1399 prior
1204 1317 1246 1384 il·
1283 1391 1285 1398 ¹

112 1419 214 1484 lorum
246 1438 331 1484 error
360 1423 425 1499 ost,
455 1421 542 1502 prius
565 1419 682 1496 dicam,
706 1436 782 1500 gens
807 1416 961 1484 Saxonum
983 1417 1051 1484 fera
1073 1422 1123 1484 est
1145 1420 1245 1484 Fran·

79 1539 223 1590 1ooorum
256 1522 406 1605 infidelis,
442 1523 626 1605 (iipitarum
660 1521 831 1588 inhumana
864 1519 1043 1586 Chunorum
1076 1524 1245 1604 impudica,

112 1625 254 1692 omnium
289 1626 422 1708 donique
455 1625 598 1708 gentium
634 1622 839 1690 barbarorum
873 1625 942 1688 uita
974 1624 1141 1688 uitiositas.
1190 1623 1245 1690 sed
1254 1625 1297 1693 68

112 1729 265 1810 numquid
295 1732 426 1794 eundem
454 1730 576 1794 reatum
611 1727 730 1792 habent
760 1727 889 1793 iliorum
911 1729 991 1794 uitia
1013 1747 1105 1810 quem
1128 1729 1244 1808 nostra,

112 1831 267 1912 numquid
290 1835 357 1896 tam
381 1829 549 1898 criminosa
570 1831 620 1896 est
642 1829 823 1896 Chunorum
844 1830 1048 1912 impudicitia
1072 1850 1167 1913 quam
1190 1848 1246 1898 no-

112 1935 190 2008 stra,
213 1934 365 2015 numquid
381 1938 449 2002 tam
463 1933 651 2000 accusabilis
666 1933 858 1998 Francorum
873 1933 1005 2016 perfidia
1020 1953 1115 2016 quam
1129 1939 1245 2016 nostra,

5 2095 6 2126 ζ
80 2041 168 2104 naut
205 2041 271 2104 tam
308 2038 562 2122 reprehensibilis
599 2036 732 2102 ebrietas
770 2037 942 2102 Alamanni
968 2055 1072 2131 ,quem
1110 2037 1246 2102 ebrietas

113 2139 294 2221 Christiani,
317 2142 374 2206 aut
396 2143 461 2208 tam
485 2140 672 2204 damnabilis
693 2140 848 2222 rapacitas
864 2139 958 2204 Alani
982 2157 1074 2222 quam
1091 2140 1246 2223 rapacitas

112 2242 310 2310 Christiani?
333 2243 360 2308 si
380 2243 476 2308 fallat
492 2242 628 2308 ‘Chunus
650 2242 703 2307 uel
726 2239 849 2324 Gipida‚
873 2241 946 2326 quid
970 2243 1088 2307 mirum
1111 2245 1169 2317 est,
1192 2241 1246 2322 qui

111 2347 238 2429 culpam
267 2347 393 2428 penitus
423 2346 574 2412 falsitatis
602 2345 752 2428 ignorat?
787 2347 814 2409 si
840 2346 975 2427 periuret
998 2343 1146 2422 Francus,
1171 2345 1245 2426 quid

112 2450 187 2516 noui
216 2450 323 2528 faciet,
354 2451 409 2532 qui
437 2449 609 2533 periurium
640 2448 744 2532 ipsum
766 2449 919 2512 sermonis
942 2465 1040 2532 genus
1063 2449 1154 2530 putat
1178 2463 1245 2512 csse

78 2572 174 2622 onon
196 2552 359 2619 criminis?
382 2555 413 2618 et
435 2553 512 2636 quid
534 2555 659 2632 mirum,
683 2551 710 2616 si
732 2551 789 2616 hoc
811 2552 936 2617 barbari
957 2549 1003 2614 ite
1026 2549 1166 2630 credunt,
1190 2547 1244 2630 qui
1254 2554 1298 2621 69

111 2658 216 2739 legem
240 2657 564 2734 succensuerunt,
597 2673 668 2720 cum
698 2653 797 2720 maior
827 2651 1084 2718 fermeRomani
1106 2651 1243 2718 nominis

160 2945 181 3014 2
206 2946 235 2996 et
256 2959 309 2998 non
335 2947 399 2996 sunt
417 2968 456 2997 ω
473 2945 531 2996 tarn
554 2942 644 2996 miseri
668 2941 695 2996 A
718 2941 888 3008 (ecciderunt
906 2945 962 2996 tres
979 2943 1025 2996 aet
1044 2947 1176 3012 quattuor
1193 2942 1247 2996 litt.

113 3045 139 3094 et
156 3037 266 3108 quidem
284 3038 384 3106 ubsque
397 3037 479 3092 dubio
496 3039 562 3104 tarn,
580 3042 612 3090 ut
625 3035 697 3092 istem
705 3037 793 3105 paolo
806 3037 984 3105 posthabet:
1001 3053 1055 3091 non
1072 3037 1129 3090 tam
1147 3035 1247 3090 maiore

113 3138 139 3188 et
156 3134 266 3188 statim:
288 3133 318 3187 in
335 3132 378 3186 his
396 3135 453 3186 tarir
470 3131 559 3197 uitiis)
664 3130 681 3185 3
704 3131 736 3200 si]
756 3131 808 3184 etsi
831 3131 858 3184 Β
964 3131 1133 3184 testeiam
1150 3129 1179 3183 Β

112 3220 130 3274 8
142 3221 192 3274 aut
204 3223 280 3286 (onte
291 3217 401 3288 pagani)
415 3233 450 3272 ex
461 3219 493 3271 ut
504 3218 533 3271 A
542 3233 612 3272 corr.
625 3233 659 3269 m.
670 3219 698 3281 2,
711 3217 846 3271 utstatim
859 3233 873 3270 e
885 3217 1025 3271 contrario
1037 3219 1069 3270 ut
1081 3231 1115 3270 ecc
1127 3221 1178 3270 aot

112 3307 130 3360 9
156 3306 232 3374 prius
255 3306 284 3362 Β
307 3321 378 3360 corr.
396 3320 432 3358 ea
448 3304 521 3374 prior
624 3319 752 3359 saxonum
778 3319 811 3356 err
832 3317 954 3358 saxorum
971 3304 998 3361 A
1017 3318 1086 3358 corr.
1104 3304 1178 3358 Μ

113 3390 147 3444 10
159 3391 322 3460 gypidarum
334 3391 362 3446 A
380 3390 538 3462 gepidarum
548 3390 577 3444 Β
589 3390 653 3446 irem
660 3389 748 3458 paolo
756 3394 821 3458 post
835 3393 888 3456 (17)
985 3389 1129 3443 Hunorum
1141 3389 1170 3441 Β
1182 3388 1247 3443 itera

110 3479 150 3532 33
171 3483 197 3530 et
220 3477 362 3532 hunus17
466 3476 496 3531 11
522 3475 694 3530 barbararum
713 3475 924 3530 ‘Ritterstostus
941 3477 973 3531 ut
990 3475 1006 3530 I
1023 3475 1065 3530 36.
1084 3474 1126 3530 47.
1146 3473 1186 3528 VI
1202 3474 1246 3530 53.

111 3562 154 3618 67.
179 3563 236 3618 VII
254 3563 325 3630 8(i).
342 3563 384 3618 37
412 3562 555 3627 Halmim5
583 3567 612 3615 at
634 3561 661 3615 V
677 3563 694 3615 7
711 3561 777 3616 item
794 3561 822 3615 A
846 3567 941 3630 operte
958 3561 1039 3619 nocer
1056 3559 1245 3625 barbarorum

113 3649 187 3706 1111
202 3655 236 3704 61
254 3650 284 3704 in
300 3646 376 3706 omni
393 3653 474 3718 gente
491 3649 613 3704 omnium
631 3648 823 3716 barbarorum
841 3650 892 3716 cfr.
906 3653 1056 3718 praeterea
1073 3646 1168 3716 populi
1186 3645 1246 3700 har·

113 3735 242 3792 morum
264 3735 311 3790 VI
326 3739 370 3790 69.
389 3739 429 3790 98
537 3734 570 3791 12
598 3750 676 3804 quem
702 3750 733 3788 o:
760 3749 827 3806 quae
853 3734 922 3803 AB3
946 3734 1012 3800 fort
1039 3735 1071 3788 ire
1096 3733 1246 3799 uroueypo

110 3823 168 3890 fait
186 3823 308 3890 uittaque
324 3821 465 3890 propitia
482 3823 565 3890 atque
583 3821 755 3890 (praesertim
772 3835 834 3876 cora
852 3835 922 3888 quae.
935 3835 988 3890 pro
1006 3833 1057 3890 quc
1073 3819 1106 3874 ta
1119 3819 1148 3874 A
1164 3832 1246 3886 coepe

112 3913 253 3975 occmrot)
343 3907 377 3964 13
395 3907 547 3980 criminosa]
563 3907 664 3961 uitiosa
681 3907 710 3959 B
798 3907 831 3962 15
842 3905 956 3960 aianiA
969 3904 1126 3974 (Alamanni
1139 3904 1176 3970 B)

113 3994 146 4050 16
163 3993 248 4050 Alani
265 3993 293 4047 B
310 4009 345 4048 m.
356 3998 378 4064 Ι1
405 3993 507 4050 Albani
525 3993 580 4048 AB
597 4009 634 4046 m.
652 3995 672 4048 2
776 3993 809 4048 18
835 3992 914 4062 culpa
936 3993 964 4046 A
1067 3989 1182 4060 perierat
1199 3987 1247 4044 seri

111 4082 353 4148 prorupisse.
376 4080 404 4134 A
432 4080 532 4150 periret
556 4080 584 4132 Β
610 4078 648 4147 cf.
666 4079 746 4145 iufra
764 4077 802 4132 oct
819 4083 836 4144 ἕ
855 4082 890 4135 76
993 4077 1059 4146 quid
1085 4093 1119 4131 eae
1144 4075 1191 4144 qui
1219 4075 1247 4132 A

113 4182 184 4221 corr.
195 4169 262 4221 Μ
358 4165 390 4219 19
408 4164 510 4220 faceret
526 4165 554 4219 B
649 4163 777 4218 sermonis
795 4179 828 4218 en
844 4179 967 4218 sermone
984 4164 1013 4217 A
1030 4178 1101 4216 corr.
1115 4165 1178 4217 Μ

112 4251 145 4305 21
168 4251 273 4306 maiora
295 4252 323 4306 Β
346 4257 372 4306 et
396 4249 479 4320 (puori
496 4249 626 4304 Halmius
644 4253 707 4315 om.)
730 4249 756 4302 A
873 4249 955 4304 ferme
973 4263 1007 4302 err
1024 4263 1113 4318 perme
1129 4248 1158 4301 A
1175 4263 1247 4304 corr.

113 4341 186 4392 Μ
