2972 5000
787 389 940 445 Saluiani

709 985 921 1088 llssuu
959 989 1012 1088 ΙΙ.

270 1277 287 1340 1
341 1266 368 1333 Ι.
398 1265 566 1332 Sufficiunt
587 1262 684 1350 igitur
709 1265 747 1330 de
770 1265 918 1350 exemplis
946 1265 1008 1333 ista
1030 1285 1108 1350 quae
1130 1268 1282 1352 diximus,
1312 1273 1426 1355 quibus

298 1375 407 1458 utique
435 1371 551 1454 iugiter
579 1372 654 1434 deus
681 1371 786 1434 noster
813 1369 847 1434 st
870 1369 1096 1454 contemplator
1125 1372 1370 1442 sollicitissimus
1395 1381 1426 1442 et

298 1478 487 1562 gubernator
516 1471 676 1559 piissimus
703 1472 735 1537 et
763 1471 855 1537 iudex
883 1472 1077 1540 iustissimus
1107 1479 1332 1560 comprobatur.
1371 1483 1426 1546 sed

298 1581 416 1667 cogitat
439 1580 476 1647 de
499 1572 744 1662 imperitioribus
766 1575 848 1642 forts
871 1575 1006 1658 aliquis:
1027 1576 1055 1642 si
1076 1575 1122 1642 sio
1145 1585 1280 1664 aguntur
1302 1601 1385 1648 nuno
1406 1601 1426 1648 a

297 1686 355 1751 deo
378 1682 492 1762 omnia,
516 1683 552 1746 nt
575 1683 650 1746 tuno
672 1680 744 1744 asta
766 1681 850 1758 sunt,
875 1679 951 1764 quid
973 1680 1122 1763 estquod
1144 1683 1221 1750 mali
1242 1686 1457 1770 praeualents

299 1788 491 1874 adfliguntur
514 1786 598 1865 boni,
621 1785 652 1849 et
676 1801 749 1849 aum
771 1785 847 1848 tuno
868 1782 948 1849 iram
970 1784 1049 1850 mali
1070 1787 1224 1852 senserint
1247 1792 1279 1854 et
1300 1790 1425 1856 miseri·

298 1891 436 1958 oordiam
465 1888 555 1968 noni,
585 1907 668 1954 nuno
694 1887 842 1952 uidentur
862 1887 978 1955 sentire
1000 1890 1226 1970 quodammodo
1248 1891 1321 1958 boni
1342 1893 1424 1958 bam

294 1999 330 2060 et
352 1992 429 2060 mali
451 1993 609 2078 gratiam?
636 1990 730 2075 paulo
752 1993 823 2073 post
845 1992 885 2056 ad
906 1988 970 2056 ista
991 1990 1211 2073 respondeam:
1246 2013 1328 2060 nuno
1351 1994 1424 2080 quia

297 2098 360 2163 tria
373 2098 459 2175 haeo,
476 2096 567 2163 idest
581 2093 790 2180 praesentiam
807 2094 866 2173 dei,
881 2094 1140 2177 gubernationem
1154 2100 1248 2180 atque
1262 2099 1422 2180 iuditium,

295 2201 396 2266 tribus
426 2199 474 2265 his
503 2217 554 2264 me
575 2200 779 2282 probaturum
802 2215 867 2263 esse
889 2198 1035 2283 promisi,
1062 2198 1120 2264 hoo
1142 2201 1205 2277 est,
1229 2201 1349 2268 ratione
1373 2221 1455 2268 err-o

296 2304 408 2385 emplis
424 2321 460 2368 ao
474 2302 673 2383 testimoniis,
690 2303 763 2386 quia
776 2302 896 2370 ratione
909 2306 941 2368 st
955 2302 1107 2384 exemplis
1122 2303 1187 2370 iam
1201 2305 1421 2387 satisfecimus,

295 2410 437 2490 superest
471 2409 507 2473 ut
539 2407 729 2473 testimoniis
763 2407 969 2474 declaremus:
1004 2406 1148 2490 quamuis
1181 2409 1321 2494 exempla
1354 2411 1422 2494 ipsa

297 2529 375 2594 quae
398 2509 531 2575 diximus
554 2509 663 2576 haberi
685 2528 740 2591 pro
762 2510 950 2576 testimoniis
973 2508 1120 2589 debeant,
1143 2512 1216 2594 quia
1230 2515 1315 2577 reete
1329 2513 1422 2578 testi·

264 2613 436 2682 amonium
474 2631 540 2677 esse
574 2613 690 2679 dieitur
723 2630 783 2696 quo
819 2631 921 2682 rerum
959 2615 1074 2682 ueritas
1109 2615 1307 2698 adprobatur.
1346 2615 1422 2699 quid

294 2715 392 2798 igitur
421 2735 457 2780 er
487 2716 554 2781 illis
588 2715 689 2782 tribus
724 2735 801 2800 quas
835 2734 928 2800 supra
957 2716 1041 2783 diota
1069 2720 1143 2786 sunt
1164 2737 1219 2801 per
1241 2718 1452 2785 testimoniare

294 2837 383 2890 soora
412 2819 549 2901 primum
580 2819 703 2902 probari
724 2819 832 2898 debet,
866 2821 1042 2902 praesentia
1065 2841 1105 2888 an
1128 2821 1315 2905 gubernatio
1339 2841 1418 2888 anne

294 2921 470 2988 iudicium?
500 2923 685 3006 praesentia,
716 2921 833 3006 opinor,
866 2922 949 3006 quia„
979 2925 1032 3007 qui
1062 2925 1113 2990 uel
1135 2927 1276 2990 recturus
1299 2926 1347 2990 est
1370 2927 1419 2991 uel
1471 3005 1472 3010 ἵ

294 3024 503 3102 iudicaturus,
532 3042 678 3106 praesens
702 3026 818 3108 absque
842 3024 935 3091 dubio
957 3025 1155 3105 suadebat,
1179 3030 1214 3092 ut
1236 3028 1289 3094 uel
1310 3047 1418 3114 regere

294 3128 441 3213 quicquid
464 3129 544 3194 illud
567 3132 613 3194 est
635 3128 687 3194 uel
709 3129 846 3195 iudicare
868 3129 976 3213 possit.
1007 3131 1136 3214 loquens
1159 3133 1192 3196 in
1206 3133 1418 3200 uoluminibus

220 3265 227 3282 ·
293 3233 357 3298 suis
387 3250 489 3298 sermo
520 3231 645 3298 diuinus
667 3232 712 3298 sio
735 3233 795 3299 ait:
829 3235 991 3299 inomni
1022 3224 1110 3301 loeo
1141 3234 1248 3301 oonli
1271 3237 1451 3303 dominia

294 3336 618 3419 oontemplantur
639 3335 761 3402 bonos
784 3342 821 3402 et
844 3337 976 3402 malos.
1007 3355 1077 3402 eoos
1098 3337 1192 3403 habes
1211 3345 1416 3423 praesentem,

291 3455 361 3504 eoos
384 3425 567 3518 intuentem,
589 3457 659 3505 eoos
681 3440 822 3506 inomni
843 3441 910 3505 looo
934 3457 970 3505 ao
982 3458 1037 3524 per
1053 3439 1205 3507 nisionem
1220 3441 1416 3526 uigilantem.

291 3541 409 3608 idoiroo
438 3541 522 3607 enim
551 3543 584 3606 et
611 3543 706 3609 bonos
729 3541 775 3629 „ab
804 3561 839 3609 eo
863 3543 1049 3608 considerari
1077 3543 1109 3608 et
1136 3545 1234 3609 malos
1265 3545 1358 3626 dixit,
1381 3547 1417 3611 ut

393 3727 427 3780 20
445 3726 524 3781 Pron.
544 3727 584 3798 15,
603 3728 620 3781 3

342 3898 439 3952 ttria
466 3897 494 3951 B
519 3899 551 3952 to
574 3915 623 3968 rap.
729 3898 761 3952 13
787 3897 880 3952 haberi
902 3913 935 3952 eor
957 3897 1053 3952 habere
1075 3915 1092 3951 v
1115 3915 1186 3956 corr.
1204 3918 1239 3956 m.
1257 3905 1290 3956 2:
1319 3902 1415 3956 habere

290 3983 346 4037 AB
451 3985 482 4037 17
507 3985 553 4052 qui
575 3985 631 4038 AB
654 3989 680 4038 et
696 3983 764 4038 osai.
784 3983 984 4039 Rittorslmetos
1007 3987 1067 4053 (om.
1086 3985 1128 4040 ed.
1142 3989 1200 4054 pr.)
1305 3989 1337 4043 18
1359 4003 1414 4042 esse

291 4083 342 4126 om.
360 4068 388 4122 B
404 4075 467 4124 m.1
553 4070 605 4140 uel]
624 4073 636 4124 l
652 4071 705 4126 al,
723 4071 750 4122 Α
767 4075 830 4126 m.1
922 4070 955 4124 21
973 4071 1058 4125 malos
1076 4076 1104 4127 et
1123 4072 1205 4127 bonos
1223 4075 1251 4128 A
1267 4075 1315 4129 aad
1329 4074 1414 4144 poulo

286 4159 351 4222 post
368 4161 391 4219 §-
406 4159 424 4210 5
440 4155 511 4210 idem
528 4156 611 4211 bonos
629 4158 657 4210 et
673 4157 758 4211 malos
776 4156 855 4211 botei
941 4157 1042 4212 habens
1061 4159 1098 4212 A*
1174 4159 1414 4231 inportuniorem

291 4239 450 4296 Hartelios:
474 4242 625 4310 prouisions
643 4241 699 4296 AB
716 4242 861 4305 Holootasr
888 4243 941 4310 afr.
959 4242 1039 4311 iufra
1056 4249 1073 4309 ἕ
1091 4247 1120 4298 5ι
1145 4246 1295 4316 generalem
1312 4262 1368 4301 esse
1385 4246 1414 4299 in

289 4341 380 4380 omnes
399 4327 501 4382 domini
520 4327 648 4383 uisionsm
