3096 5018
461 349 500 404 ad
518 349 699 406 eeclesiam
717 349 778 405 IIII
796 354 812 415 5
829 349 940 405 29-37.
1203 347 1270 416 311·
1350 383 1353 390 .

136 538 305 604 oliniorum
327 535 570 603 redundantium
593 538 775 621 pauimenta
791 539 876 616 uino,
900 538 1031 606 Falerno
1049 537 1147 606 nobili
1162 535 1272 604 lutum

134 641 270 720 fatiunt,
305 659 431 706 mensae
459 657 566 706 eorum
596 659 633 706 aa
661 643 839 708 toreumata
866 659 952 734 mero
983 643 1100 727 iugiter
1128 643 1265 726 madent,

134 763 257 828 semper
283 745 347 810 uda
373 747 455 810 sunt.
493 745 654 810 luxuriant
680 745 714 810 ia
743 746 984 826 peristromatis,
1014 763 1094 828 quae
1115 763 1172 831 ego
1194 746 1265 828 feei,

134 847 328 913 seminantur
351 847 384 912 in
412 846 529 927 seritis,
559 865 638 930 quae
665 847 787 932 reliqui.
827 850 859 914 et
886 867 957 914 eum
988 850 1064 914 haee
1086 847 1190 916 omnia
1210 865 1270 932 pro

113 953 166 1016 ete
187 950 313 1028 dixeris,
342 951 497 1034 quomodo
522 967 583 1016 non
610 955 771 1018 aeteruum
792 969 812 1016 a
834 949 957 1017 Christo
985 952 1267 1018 remunerationem

133 1053 246 1122 mereri
278 1054 407 1138 poteris,
439 1055 492 1119 eui
524 1054 558 1119 in
590 1051 708 1120 talibus
741 1055 857 1120 sanetis
891 1055 1052 1120 tantamm
1083 1053 1270 1120 deliciarum

133 1155 258 1240 sopiam
279 1157 497 1239 praepararis?
1309 1149 1324 1168 ”

176 1279 250 1344 VII.
282 1277 448 1362 Oquanto
476 1277 598 1357 melius,
629 1295 841 1361 quaecumque
862 1277 921 1344 ille
942 1297 984 1357 es,
1015 1279 1132 1361 quanto
1154 1277 1320 1347 melius34

132 1385 163 1447 et
186 1383 346 1448 salubrius
367 1401 486 1466 pauper
506 1382 611 1448 fumas
634 1385 666 1446 et
684 1385 848 1466 egestuosa
863 1399 958 1464 quam
974 1381 1077 1471 diues;
1100 1384 1269 1465 paupertas

27 1540 29 1560 ,,
102 1486 274 1552 menimis
298 1487 354 1552 deo
381 1487 538 1552 insinnare
566 1485 730 1568 potuisset,
761 1485 892 1552 diuitiae
917 1501 1003 1550 ream
1026 1500 1093 1550 esse
1115 1484 1266 1553 fecerunt.

27 3791 30 3974 l

27 4563 37 4920 l

132 1592 250 1656 reotius
273 1608 346 1676 ergo
368 1609 424 1675 per
444 1589 650 1674 indigentiam
673 1589 762 1654 salua
782 1588 898 1666 fueras,
922 1605 1017 1671 quam
1031 1607 1088 1670 per
1101 1603 1174 1671 opes
1197 1589 1268 1653 tuas
1317 1577 1323 1624 ³

134 1696 165 1758 et
187 1695 221 1759 te
242 1693 275 1758 et
297 1693 375 1758 alios
398 1709 649 1777 praegrauasses,
672 1695 704 1758 te
725 1691 855 1770 soilioet‚
878 1691 954 1756 dum
971 1692 1055 1756 male
1076 1691 1148 1757 eliis
1171 1691 1267 1757 relin-

133 1795 216 1878 quis,
240 1795 328 1880 alios,
352 1797 427 1862 dum
450 1817 470 1862 a
492 1797 525 1861 te
546 1795 657 1861 reliota
680 1799 711 1860 et
734 1795 794 1877 ipsi
816 1814 876 1860 usu
898 1794 1161 1860 inhumanissimo
1183 1795 1268 1860 male

133 1900 295 1982 possident
328 1901 360 1964 et
393 1899 464 1983 post
492 1919 524 1964 se
548 1901 631 1964 male
665 1899 737 1964 aliis
770 1899 1003 1982 derelinquunt.
1040 1899 1068 1965 si
1102 1899 1150 1964 uis
1183 1901 1320 1983 arguti

102 2025 124 2066 15
133 2021 348 2086 quaecumque
370 2003 426 2069 illa
448 2022 491 2083 es,
514 2003 541 2068 si
563 2002 612 2068 uis
633 2004 692 2068 tibi
711 2021 776 2068 esse
795 2003 983 2082 consultum,
999 2005 1028 2069 si
1041 2003 1091 2068 uis
1107 2003 1267 2068 aeternam

133 2106 247 2172 habere
270 2107 371 2171 uitam
395 2109 427 2171 et
449 2108 535 2190 cupis
556 2105 662 2170 uidere
686 2105 755 2170 dies
771 2105 874 2182 bonos,
897 2105 1039 2188 relinque
1055 2107 1265 2172 substantiam

133 2213 221 2274 tuam
254 2209 469 2294 indigentibus
506 2208 625 2275 sanetis
661 2208 803 2292 relinque
836 2208 957 2274 olandia
994 2209 1135 2292 relinque
1170 2210 1268 2274 caeeis

133 2314 275 2397 relinque
297 2315 535 2396 languentibus:
559 2313 625 2379 sint
642 2313 808 2378 facultates
824 2316 898 2378 tuae
913 2313 1064 2378 alimenta
1079 2313 1269 2378 miserorum·

134 2415 176 2480 sit
199 2419 357 2500 opulentia
379 2418 434 2482 tua
455 2435 628 2502 pauperum
651 2417 730 2494 uita,
752 2419 789 2480 ui
803 2415 932 2482 illorum
946 2417 1111 2500 refrigeria
1126 2417 1267 2499 praemia

103 2523 189 2584 notua
219 2520 283 2584 sint
312 2523 348 2586 ut
378 2519 508 2587 illorum
536 2518 664 2585 reieotio
693 2521 724 2584 te
755 2517 884 2585 reficiat.
922 2520 949 2584 si
972 2519 1055 2584 enim
1078 2519 1128 2584 illi
1151 2523 1188 2585 de
1211 2524 1269 2585 tuo·

135 2621 238 2702 edent,
267 2625 303 2689 tn
331 2623 537 2689 saturaberis:
572 2625 599 2688 si
629 2622 678 2688 illi
706 2625 744 2688 de
772 2621 996 2702 imbiberint,
1030 2623 1066 2687 tu
1087 2623 1166 2688 sitis
1191 2623 1266 2688 tuae

135 2727 258 2791 aestum
282 2730 483 2808 ardoremque
506 2727 698 2810 restingues:
721 2725 753 2790 te
775 2725 904 2790 illorum
926 2725 1063 2790 uestitus
1086 2723 1212 2802 uestiet,
1234 2725 1286 2790 te·

135 2829 263 2896 illorum
287 2829 633 2912 aprioitasdeleotabit.
663 2847 724 2898 uon
740 2847 813 2913 ergo
829 2829 894 2896 uile
908 2849 943 2895 ao
958 2829 1149 2912 despieabile
1164 2833 1266 2912 putes,
1276 2830 1331 2906 36--

135 2931 162 2996 si
196 2933 410 3002 substantiam
447 2935 535 3000 tuam
567 2933 691 3001 miseris
727 2937 821 3016 atque
853 2933 1017 3016 egentibus
1051 2934 1267 3017 derelinquas:

104 3033 293 3103 uchristum
320 3037 355 3101 in
382 3037 447 3102 illis
476 3037 570 3105 faties
600 3037 757 3102 heredem.
795 3041 827 3102 et
855 3036 931 3119 quid
962 3035 1066 3105 (liaeus
1087 3037 1127 3112 de
1146 3035 1266 3106 Christi
1326 3051 1331 3058 “

27 3154 28 3158 ’
135 3139 286 3204 nomine?
318 3138 479 3206 Christum
507 3141 633 3224 quidem
661 3141 808 3210 heredem
830 3141 919 3222 faeie,
946 3141 1001 3204 set
1023 3145 1060 3209 tu
1082 3141 1267 3212 hereditatis

136 3242 349 3310 emolumenta
381 3244 546 3328 pereipies.
585 3263 797 3328 quaeaumque
830 3247 915 3314 enim
948 3243 1071 3315 onusto
1103 3241 1266 3325 reliqueris

137 3364 191 3427 per
213 3345 375 3414 Christum
398 3348 504 3414 omnia
525 3348 707 3432 possidebis.
745 3351 802 3416 sed
824 3349 900 3417 haee
923 3353 968 3434 tu,
991 3351 1030 3416 ut
1049 3366 1127 3431 reor,
1143 3347 1317 3416 -lliuulat‘l

187 3605 200 3656 1
226 3603 383 3671 pauimenta
402 3619 436 3658 eoo
455 3607 527 3658 ·tum
546 3621 615 3660 corr.
635 3622 669 3660 aa.
688 3609 707 3658 2
724 3605 751 3658 A
854 3606 871 3658 2
894 3623 984 3660 mensa
1007 3607 1035 3660 B
1138 3607 1156 3660 4
1179 3606 1265 3660 furni-

135 3689 270 3742 aanturA
355 3689 691 3760 bdilioiarumoupiamA
786 3692 1081 3746 lauretianam
1169 3693 1201 3746 13
1213 3692 1266 3760 ipsi

135 3789 185 3828 usn
208 3791 270 3830 oum
292 3776 411 3830 Boionio
428 3777 558 3832 Hormou
583 3777 670 3846 ipsius
692 3795 742 3832 usu
764 3777 819 3832 AB
921 3771 1126 3834 inumaniesimo
1150 3779 1212 3846 (aie)
1235 3795 1265 3832 ex

135 3862 274 3917 inmaniss.
302 3877 369 3917 eorr.
396 3867 469 3917 Μ
495 3864 523 3917 A
627 3865 660 3919 16
688 3864 809 3933 relinque
836 3865 1029 3934 languentibus
1052 3869 1116 3934 posi
1142 3863 1265 3933 relinque

136 3948 218 4002 marie
235 3947 316 4003 liutet
334 3949 414 4015 Boo„
432 3949 464 4002 ia
480 3950 508 4002 A
531 3949 625 4004 eodem
639 3955 704 4018 post
721 3950 823 4004 sanetis
845 3950 956 4018 quietem
972 3955 1074 4005 sarim
1094 3949 1144 4004 oeli
1161 3947 1268 4004 ⁸6de

135 4033 358 4102 transpositionis
369 4033 460 4104 siyoie
468 4035 552 4103 (qaod
563 4035 694 4089 Halmius
705 4049 762 4090 aaa
774 4035 867 4103 adn.);
879 4049 966 4104 quoia
973 4029 1197 4105 imposuimus
1263 4036 1265 4040 ’

135 4117 169 4172 20
194 4119 228 4173 de
253 4122 301 4173 tuo
327 4109 371 4174 illi
397 4125 462 4176 aare
488 4119 568 4174 seona
594 4117 642 4176 oeci
668 4121 771 4176 additio
801 4122 1029 4190 irmiepositioroir
1054 4123 1141 4192 &poia
1167 4121 1195 4176 B

135 4204 166 4258 21
194 4203 356 4258 sateraberis
383 4206 411 4258 A
513 4205 548 4260 23
574 4206 730 4275 dispioabile
757 4207 785 4261 A
826 4234 829 4239 ·
888 4210 968 4276 putas
995 4207 1047 4262 Β·
1125 4208 1160 4261 ao
1183 4207 1264 4262 laotos

136 4291 175 4344 eti.
193 4291 331 4346 eaustus
423 4293 469 4348 ’28
486 4293 587 4346 ffiuula
603 4295 631 4347 A
657 4293 755 4348 friuola
773 4309 808 4348 eor
825 4294 927 4349 iriuula
945 4309 1014 4352 osor.
1031 4311 1065 4350 m.
1084 4294 1149 4350 an
