3068 5012
441 355 478 408 re
496 355 627 422 gubern.
646 353 700 408 rer
720 353 774 408 mr
793 356 808 417 c
827 352 971 408 104-1m.
1210 355 1270 420 191

133 545 238 610 statui
260 563 331 628 spes
355 547 468 627 potest,
492 545 616 625 quondo
638 543 786 609 castiores
810 562 846 609 oc
868 545 1005 626 puriores
1027 543 1152 609 barbari
1175 563 1268 627 quam

132 649 274 714 Romani
302 649 399 713 sunt?
433 664 545 729 perum
576 651 624 712 est
655 646 736 727 quod
767 645 914 711 dicimus:
944 665 1023 729 queo
1052 645 1153 731 nobis,
1185 663 1267 730 rogo,

133 753 214 816 ante
248 753 341 816 deum
375 753 441 814 aut·
462 750 547 815 uitae
576 769 642 837 osse
670 751 725 815 cut
759 750 867 814 ueniae
900 767 968 832 spes
1001 751 1112 832 potest,
1147 750 1269 832 quando

134 855 319 920 castitatem
351 855 385 920 in
417 853 559 918 barbaris
597 853 755 918 cernimus
793 855 824 916 et
856 870 912 916 nec
950 852 995 916 sic
1028 852 1106 917 cesti
1139 854 1269 917 sumus?
1379 841 1382 850 ’

113 957 367 1036 serobescemus
397 974 519 1039 quaeso,
549 959 581 1020 et
604 956 839 1021 confundamur.
874 955 937 1019 icm
961 957 1043 1036 apud
1067 953 1185 1020 Gothos
1207 955 1267 1018 im·

133 1059 246 1140 pudici
269 1077 329 1124 non
352 1061 427 1124 sunt
442 1060 502 1125 nisi
517 1060 659 1135 Romani,
681 1059 746 1124 iam
762 1058 843 1142 apud
859 1057 1029 1123 Wandalos
1045 1075 1102 1122 nec
1116 1056 1267 1122 Romani:

132 1167 264 1228 tantum
287 1163 369 1245 apud
393 1162 463 1228 illos
485 1163 615 1245 profecit
639 1163 778 1228 studium
796 1161 1008 1237 castimoniae,
1031 1161 1157 1226 tentum
1179 1179 1268 1226 seue·

134 1265 215 1330 ritas
239 1265 431 1347 disciplinae,
455 1284 518 1331 non
540 1265 642 1330 solum
665 1269 745 1348 quod
767 1265 828 1347 ipsi
851 1265 928 1328 cesti
950 1267 1032 1345 sunt,
1057 1263 1121 1344 sed,
1145 1265 1268 1328 utrem

134 1369 282 1434 dicemus
310 1387 435 1448 nouem,
465 1387 534 1435 rem
560 1369 787 1446 incredibilem,
817 1385 885 1432 rom
906 1385 1003 1449 paene
1025 1367 1123 1432 etiem
1143 1367 1268 1432 inaudi-

98 1473 216 1550 rotam,
252 1472 354 1536 castos
390 1472 486 1538 etiem
517 1473 672 1538 Romanos
706 1489 774 1538 osse
803 1469 954 1536 fecerunt.
988 1470 1014 1534 si
1044 1469 1214 1536 infirmitas
1236 1471 1341 1548 11103

133 1576 473 1657 incompactam,
506 1576 679 1643 exclamare
707 1594 800 1658 super
829 1573 911 1641 uires
941 1592 1027 1640 meos
1054 1591 1207 1654 cuperem,
1231 1574 1269 1638 ut

133 1679 206 1742 toto
240 1678 312 1743 orbe
346 1697 540 1744 resonarem:
577 1679 696 1760 pudeat
728 1693 802 1750 uos,
836 1676 969 1745 Romani
1002 1675 1117 1757 ubique
1149 1676 1267 1758 populi,

133 1781 257 1864 pudeat
279 1782 365 1848 citae
386 1782 519 1846 uestrae.
555 1780 661 1846 nullae
674 1797 772 1864 paone
788 1778 882 1844 urbes
897 1779 1005 1844 lustris
1022 1779 1127 1845 nullae
1143 1780 1267 1846 omnino

134 1883 378 1968 impuritatibus
401 1889 522 1963 uacant,
548 1883 705 1951 nisi-illae
727 1884 863 1962 tantum,
886 1885 919 1946 in
935 1881 1046 1965 quibus
1061 1882 1187 1974 barbari
1202 1901 1269 1948 esse

99 2013 124 2053 1⁵
135 1991 318 2070 coeperunt.
355 1991 386 2053 et
409 1988 562 2053 miremur
584 1986 612 2054 si
634 1985 742 2052 miseri
764 1984 818 2068 qui
840 1987 908 2051 tem
930 1985 1046 2066 impuri
1068 2004 1186 2064 sumus,
1209 1985 1270 2050 mi·
1359 2028 1363 2044 1

134 2109 248 2155 ramur
269 2092 297 2154 si
320 2091 359 2156 cb
382 2091 472 2156 hoste
494 2089 614 2155 uiribus
637 2089 795 2154 uincimus
812 2089 865 2171 qui
888 2088 1051 2164 honestato
1073 2107 1268 2170 superemur,

134 2195 292 2258 miramur
315 2195 343 2259 si
367 2197 448 2260 bono
468 2195 574 2258 nostre
594 2191 752 2275 possident
767 2194 820 2275 qui
843 2193 928 2258 maie
946 2194 1054 2260 nostre
1076 2196 1267 2267 execrentur.

133 2313 196 2362 nee
217 2297 289 2362 illos
312 2297 458 2363 naturale
473 2296 567 2362 robur
583 2309 746 2380 corporum
763 2295 840 2362 fecit
853 2296 979 2388 uincere
993 2312 1049 2361 nec
1063 2313 1119 2362 nos
1135 2297 1268 2362 naturae

134 2399 308 2464 infirmitas
345 2399 440 2465 uinci.
486 2419 578 2465 nemo
614 2399 676 2464 sibi
714 2398 801 2464 aliud
832 2399 1018 2482 persuadeat
1054 2417 1144 2464 nemo
1181 2399 1267 2465 aliud

100 2503 330 2568 serbitrotur:
354 2502 497 2570 selenos
520 2521 643 2570 morum
667 2503 844 2568 nostromm
866 2503 947 2568 uitia
968 2501 1121 2571 uicerunt
1152 2575 1154 2584 ,

189 2795 356 2872 Acestatem
373 2809 394 2848 s.
412 2809 464 2850 ser.
482 2798 545 2848 ml
563 2795 586 2847 ti
604 2795 631 2848 A
729 2793 869 2862 iprofioit
887 2793 915 2846 A
1011 2793 1110 2848 Ssunt
1128 2795 1168 2862 A,
1195 2795 1268 2864 quod

134 2879 283 2934 Halmium
307 2880 390 2950 smye't,
417 2881 465 2950 qm'
490 2881 561 2934 idem
585 2882 626 2935 eit
648 2882 680 2934 im
698 2879 764 2934 aeto.
783 2881 844 2936 cm't.
871 2879 944 2947 ‘fort
964 2881 1048 2948 sunt’3
1076 2881 1132 2935 sint
1148 2881 1190 2946 133
1217 2897 1268 2936 mos

134 2966 226 3036 icitur
243 2967 307 3018 sunt
325 2967 484 3034 recepimus,
504 2967 670 3036 praesertim
686 2983 747 3021 cmm
763 2971 897 3035 sequetem
911 2967 1031 3020 fecerunt
1050 2972 1083 3034 et,
1107 2969 1268 3037 ubicumque

135 3051 217 3120 apud
236 3050 313 3105 Solo.
330 3051 370 3105 ita
389 3053 458 3120 (sic),
475 3053 547 3121 quod
560 3067 615 3120 pro
633 3052 674 3106 ita
691 3053 760 3119 (sic),
777 3056 810 3106 ut
827 3053 973 3106 mmbctm
989 3053 1161 3108 imdieato‘oms
1179 3069 1266 3122 oppa·

134 3142 205 3203 sect,
224 3137 263 3190 cie
281 3137 302 3190 I
315 3139 357 3192 15.
375 3135 441 3190 ΠΠ
454 3141 496 3192 14.
518 3134 602 3193 Ῠ32.
625 3136 747 3195 mee.
760 3141 806 3192 96.
825 3138 862 3192 aot
880 3137 957 3194 Eoel.
975 3139 1050 3193 He.
1063 3143 1100 3192 19
1190 3141 1222 3192 ut
1240 3141 1268 3194 A

134 3239 158 3276 s.
177 3223 194 3276 l.
214 3223 289 3276 me
393 3222 426 3276 12
449 3238 498 3276 nos
515 3228 548 3276 ot
565 3223 659 3278 statim
676 3225 783 3278 nostrae
800 3226 827 3276 A
932 3223 965 3280 13
987 3225 1074 3277 urbes
1090 3239 1124 3278 me
1147 3223 1222 3278 urbis
1240 3226 1268 3282 A

135 3323 208 3363 corr.
232 3310 305 3362 m.2
409 3308 443 3363 14
469 3309 511 3364 1111
537 3309 566 3364 A
671 3311 703 3364 15
726 3310 921 3378 impurissimos
944 3311 992 3367 scot
1014 3313 1062 3368 alt.
1087 3329 1099 3364 s
1122 3317 1214 3380 puscet.
1241 3317 1267 3366 et

134 3411 222 3462 smper
238 3411 253 3448 o
272 3409 324 3449 scm
343 3412 361 3449 u
378 3410 412 3450 m.
432 3395 451 3448 2
467 3395 503 3464 A,
530 3395 631 3465 impuri
655 3412 749 3450 sumus
772 3396 812 3456 m
840 3395 939 3466 impuri
957 3397 1040 3452 simus
1059 3397 1197 3464 Halmius,
1221 3400 1269 3468 coi

132 3485 283 3549 propterea
307 3481 338 3534 m
356 3479 528 3551 emmonim:
555 3481 628 3548 Yon.
655 3485 815 3550 superemur
838 3488 863 3537 et
886 3483 995 3537 adicere
1018 3483 1129 3538 debebat
1154 3485 1189 3538 ‘et
1211 3500 1268 3538 exe-

135 3567 252 3620 crentur’
372 3567 407 3621 20
429 3573 494 3636 post
520 3567 642 3622 uicerunt
669 3569 699 3622 m
725 3569 750 3622 A
778 3569 942 3640 subscriptio
969 3575 1025 3624 est:
1054 3584 1184 3625 exorarem
1211 3573 1265 3626 cic.

136 3667 283 3708 seminus.
306 3657 392 3708 noor‘e.
417 3657 471 3708 cie.
496 3668 618 3710 ociosus
642 3669 713 3708 crios
735 3669 889 3711 mmmmm.
