3068 5012
266 409 330 475 196
753 405 906 460 Saluiani

266 596 377 681 religio
399 613 477 678 quae
499 594 716 660 christianitas
738 595 815 660 fnit!
838 594 1021 660 dicebantur
1036 594 1206 661 Christiani
1228 595 1268 662 ad
1286 594 1397 661 contu-

217 699 258 764 13
267 698 395 764 molium
429 697 558 764 Christi.
603 716 675 763 cum
708 698 869 782 apostolus
902 688 1076 763 declamet:
1112 717 1188 764 non
1221 699 1397 783 potestis

267 802 435 867 calicem
468 801 614 866 domini
647 799 785 866 bibere
818 802 858 865 et
890 800 1051 866 calicem
1084 804 1397 878 daemoniorum,

266 923 339 970 non
363 904 537 986 potestis
558 921 714 970 mensae
737 902 888 970 domini
910 904 1158 987 participare
1180 909 1222 970 et
1242 925 1398 971 mensae

267 1010 579 1086 daemoniorum,
608 1007 673 1073 illis
703 1007 761 1072 hoc
782 1006 860 1071 satis
882 1023 943 1072 non
967 1007 1044 1082 erat,
1076 1011 1114 1072 ut
1136 1025 1208 1074 cunr
1230 1009 1327 1074 calice
1349 1009 1433 1074 deis

268 1111 399 1176 calicem
416 1111 561 1176 biberent
582 1111 829 1194 daemoniorum,
853 1110 913 1174 nisi
934 1109 1030 1176 illurn
1045 1112 1142 1178 etiam
1164 1111 1397 1194 praetulissent,

266 1233 323 1280 nec
345 1213 530 1294 sufficiebat,
554 1215 590 1278 ut
612 1229 755 1278 mensam
777 1214 962 1279 daemonum
985 1233 1110 1280 mensae
1125 1215 1297 1280 dominicae
1312 1231 1398 1279 corn-

266 1318 424 1400 pararent,
458 1315 521 1382 nisi
554 1320 626 1400 post
658 1316 919 1399 superstitionum
951 1317 1121 1383 infamium
1149 1317 1251 1383 cultus
1280 1319 1319 1383 ad
1347 1319 1399 1383 dei

267 1423 385 1504 templa
419 1423 581 1487 uenientes
615 1422 822 1488 sacrosanctis
844 1420 963 1486 Christi
992 1422 1145 1488 altaribus
1174 1423 1270 1488 ductu
1297 1421 1397 1503 ipsius

267 1523 413 1590 diabolici
436 1527 568 1607 spiritus
592 1524 832 1608 spurcissimum
853 1524 996 1590 nidorem
1018 1525 1197 1590 inalassent.
1407 1542 1434 1581 1⁰

217 1647 259 1716 14
310 1643 369 1710 III.
402 1648 455 1724 At,
478 1647 592 1728 inquis,
615 1663 678 1711 non
700 1664 809 1711 omnes
832 1646 894 1713 ista
915 1645 1081 1728 iaciebant,
1109 1647 1163 1712 sed
1187 1644 1398 1729 potentissimi

267 1749 381 1831 quiquo
403 1767 440 1814 oo
461 1749 691 1815 sublimissimi.
731 1750 967 1831 adquiescamus
990 1749 1048 1815 hoc
1070 1751 1114 1814 ita
1137 1768 1215 1814 esse.
1249 1749 1303 1813 sed
1326 1767 1398 1813 cum

266 1852 440 1917 ditissimae
475 1870 615 1934 quaeque
643 1871 679 1917 ao
707 1853 943 1934 potentissimae
978 1853 1088 1917 domus
1121 1854 1247 1918 turbam
1276 1851 1397 1918 faciant

266 1954 415 2032 ciuitatis,
438 1955 527 2020 uides
549 1974 603 2038 per
624 1974 793 2039 paucorum
808 1957 983 2038 potentium
998 1958 1183 2041 sacrilegam
1198 1954 1395 2039 superstitio·

265 2074 338 2121 nem
365 2060 476 2124 urbem
505 2059 650 2123 cunctam
679 2059 775 2123 fuisse
797 2058 961 2141 pollutam.
996 2060 1115 2123 nemini
1137 2059 1244 2124 autem
1267 2057 1398 2124 dubium
1408 2077 1433 2118 ιι

267 2165 315 2225 est
337 2179 443 2226 omnes
475 2161 672 2228 dominorum
700 2161 840 2226 familias
869 2164 924 2226 eut
952 2161 1071 2226 similes
1093 2179 1159 2226 esse
1183 2161 1318 2227 dominis
1341 2166 1398 2226 aut

267 2264 442 2343 deteriores,
477 2267 622 2349 quamuis
652 2265 711 2330 hoc
740 2265 888 2332 usitatius
919 2267 955 2330 ut
986 2266 1161 2343 doteriores,
1197 2283 1234 2331 ec
1263 2283 1319 2347 per
1340 2265 1398 2329 hcc

267 2386 338 2432 cum
371 2370 468 2433 etism
502 2369 574 2434 boni
609 2369 729 2434 domini
758 2387 862 2434 seruos
891 2369 943 2434 uel
972 2371 1107 2433 manime
1128 2369 1228 2434 malos
1251 2368 1396 2445 habeant,

265 2473 446 2552 promptum
469 2476 517 2537 est
545 2473 730 2558 intellegere
762 2474 868 2555 quales
891 2473 957 2538 illic
980 2473 1118 2538 familiae
1141 2491 1248 2539 omnes
1271 2473 1396 2553 fuerint,

267 2590 339 2638 oum
372 2575 501 2640 seruiles
534 2577 655 2642 animos
688 2577 754 2641 iarn
787 2597 842 2660 per
876 2595 909 2642 se
938 2578 1036 2642 malos
1070 2579 1166 2643 etiam
1199 2577 1433 2641 dominorumsc

216 2678 257 2745 15
265 2677 381 2742 faceret
414 2679 555 2761 nequitia
588 2675 715 2762 peiores.
761 2682 826 2744 estc
861 2699 950 2763 ergo,
984 2681 1041 2744 illa
1075 2699 1153 2762 quae
1187 2681 1322 2745 diximus
1357 2679 1396 2743 ad

267 2781 497 2861 potentissimos
521 2800 658 2864 quosque
680 2800 717 2847 sc
739 2782 953 2849 nobilissimos
976 2783 1205 2867 pertinuerunt.
1243 2781 1395 2864 numquid

266 2883 324 2948 illa
353 2884 470 2949 leuiora
496 2905 575 2968 quae
608 2887 763 2954 nobilibus
798 2885 1052 2968 ignobilibusque
1087 2886 1288 2952 communia?
1325 2885 1397 2949 odia

267 2986 388 3051 scilicet
409 2991 502 3070 atque
525 2992 733 3056 execrationes
756 2995 937 3055 sanctorum
961 2990 1101 3054 omnium
1124 2991 1207 3054 dico:
1239 2987 1396 3071 sacrilegii

267 3093 382 3175 quippe
411 3111 508 3175 genus
539 3094 587 3158 est
617 3094 665 3160 dei
696 3094 799 3158 odisee
825 3094 971 3158 cultores.
1006 3092 1205 3171 sicutenim,
1236 3089 1265 3156 si
1288 3108 1432 3155 seruosne

266 3199 386 3261 nestros
415 3197 573 3279 quispiam
602 3198 721 3275 caedat,
751 3215 807 3261 nos
836 3197 868 3261 in
898 3215 1059 3262 seruorum
1087 3200 1265 3262 nostrorum
1295 3193 1397 3260 caedit

266 3299 389 3378 iniuria,
413 3305 445 3365 et
466 3303 494 3365 si
516 3320 535 3364 a
558 3318 714 3384 quoquam
735 3299 820 3367 filius'
843 3299 1026 3366 sorberetur
1040 3299 1171 3385 alienus,
1194 3299 1229 3363 in
1243 3298 1396 3381 supplicio

368 3529 667 3600 dffimmwm

319 3747 333 3799 1
362 3745 553 3800 contumeliam
576 3761 662 3799 meam
686 3745 789 3800 Christi
811 3745 839 3800 Β
951 3747 969 3799 4
995 3745 1158 3815 participare
1180 3761 1264 3815 asper
1281 3761 1296 3800 o
1313 3746 1396 3800 aer.i

264 3830 293 3883 Β
386 3819 420 3884 10
436 3831 603 3884 inhalassent
621 3831 649 3884 Β
742 3831 776 3885 14
792 3847 839 3900 per
856 3847 932 3901 pauc.
949 3834 1007 3901 pet.
1027 3832 1186 3901 sacrilegam
1203 3832 1394 3901 supersticione

266 3918 325 3985 (sic)
344 3916 372 3970 Β
470 3918 503 3972 21
522 3915 566 3986 ad]
585 3917 649 3972 tow
666 3917 777 3986 mapula
794 3922 903 3972 tuamen
919 3917 1056 3972 uocabula
1072 3918 1118 3972 cet
1134 3917 1259 3988 moetus
1276 3917 1395 3972 uocabu-

264 4001 352 4056 lorum
377 4009 471 4078 pcrtes
494 4004 526 4057 in
542 4004 569 4056 A
593 4003 645 4074 tupi
668 4009 786 4072 possunt
888 4003 923 4057 22
948 4005 1137 4072 pertinuerunt
1164 4005 1319 4069 (senuerunt
1344 4003 1393 4072 Al]

263 4089 338 4154 ‘fort
357 4089 552 4158 pertinuerint,
570 4095 602 4144 ct
620 4088 774 4144 &uacuo
786 4089 903 4144 socae
919 4089 993 4144 oao’
1010 4089 1154 4156 Halmium
1172 4094 1202 4144 ct
1219 4090 1256 4156 cf.
1273 4089 1394 4143 V1153:

265 4174 311 4228 sad
328 4177 387 4228 osto
408 4175 482 4228 intra
499 4175 607 4230 Galicas
630 4174 812 4229 formidabant
916 4176 950 4230 24
974 4178 1128 4230 sanctorum
1151 4175 1272 4228 omnium
1295 4174 1324 4227 Β
1341 4174 1394 4228 cd·

264 4262 341 4315 tectis
367 4263 592 4331 transpositionis
618 4263 705 4332 etquis
813 4261 846 4317 25
873 4278 957 4332 genus
985 4262 1083 4331 quippe
1109 4262 1137 4315 Β
1248 4260 1282 4331 si]
1311 4261 1341 4313 in
1367 4261 1395 4314 Β

264 4347 313 4414 (sic
330 4351 356 4411 c)
456 4348 488 4401 27
507 4349 634 4402 iniuriam
651 4348 707 4402 AB
733 4349 834 4403 iniuria
854 4349 880 4402 T
903 4348 1050 4404 iniuriaoc
