3096 5018
26 337 29 492 μ
486 460 527 516 ad
544 453 724 530 ecclesiam
747 459 792 517 111
811 465 827 527 t
845 461 955 516 67-72.
1221 463 1286 531 293

198 647 283 712 XVI.
316 646 376 714 Sed
407 647 538 714 fortasse
569 648 645 715 lreec
673 649 744 730 tibi,
775 650 960 734 quicumque
991 666 1022 714 er
1052 647 1197 728 infidelis,
1229 647 1338 715 aucto

25 741 26 770 ²
152 769 265 835 parum
300 751 406 818 ualida
434 755 490 817 aut
521 770 631 834 parum
662 755 770 835 aperta
799 771 864 818 esse
894 751 1068 818 uideantur.
1107 749 1285 835 quidquod

24 821 28 1022 t
154 853 302 921 dominns
324 854 447 939 ipsein
469 854 632 940 euangelio
655 855 734 922 nihil
757 873 945 940 quemquam
968 855 1006 920 de
1029 851 1172 938 operibns
1195 854 1286 920 bonis

155 961 284 1041 perdere
308 956 523 1024 Christianum
551 957 809 1024 manifestissime
838 958 932 1024 docet
961 955 1084 1023 dicens:
1114 956 1286 1041 quicum·

131 1077 227 1143 sque
260 1062 396 1144 potum
430 1061 589 1127 dederit
621 1064 757 1127 unior
786 1059 963 1128 minimis
992 1058 1089 1126 istis
1119 1059 1286 1126 calicem

156 1179 282 1246 aquae
306 1163 498 1249 frigidae,
522 1166 677 1230 tantum
700 1165 920 1231 innomine
943 1163 1153 1248 discipuli,
1177 1181 1287 1228 amen

156 1263 247 1333 dico
282 1269 410 1346 uobis,
444 1285 516 1334 non
545 1269 684 1352 perdet
715 1267 936 1337 mercedem
966 1287 1086 1334 suam.
1127 1266 1201 1350 quid
1224 1265 1286 1331 dici

155 1371 333 1437 euidentius
356 1371 482 1454 potuit?
512 1371 607 1438 etiam
631 1391 700 1438 cem
723 1392 788 1438 rem
810 1369 843 1436 in
866 1372 971 1439 futuro
992 1371 1175 1438 babituram
1196 1391 1288 1457 prae·

154 1476 255 1540 mium
280 1493 346 1540 esse
369 1474 455 1554 dixit,
480 1493 558 1558 quae
581 1477 612 1541 in
634 1478 790 1559 praesenti
812 1476 949 1557 pretium
965 1491 1025 1541 non
1049 1473 1192 1543 haberet:
1216 1478 1286 1542 tan·

119 1578 225 1644 uotum
249 1578 375 1644 honoris
398 1578 498 1645 cultui
514 1598 570 1646 suo
593 1579 718 1659 tribuit,
741 1582 777 1646 nt
792 1580 911 1662 aliquid
932 1580 1014 1646 esset
1028 1579 1098 1644 illic
1113 1597 1167 1662 per
1182 1579 1286 1664 fidem,

154 1681 238 1764 quod
262 1681 314 1746 hic
336 1683 464 1748 omnino
494 1681 574 1748 nihil
598 1686 680 1749 esset
702 1700 758 1765 per
782 1683 952 1750 uilitatem.
989 1686 1041 1749 sed
1063 1683 1169 1749 mmor
1191 1701 1230 1748 ne
1252 1681 1337 1748 intr

154 1783 215 1848 hoc
248 1784 311 1851 sibi
344 1786 472 1868 quidam
505 1785 635 1852 forsitan
669 1785 903 1865 blandirentur,
939 1787 966 1852 si
999 1787 1100 1852 multa
1134 1785 1285 1851 habentes

21 1881 22 1884 ’
154 1887 277 1972 exiguis
310 1891 436 1974 possent
463 1907 579 1974 magna
612 1891 756 1970 mercari,
791 1889 951 1956 subtiliter
979 1890 1085 1974 posuit
1110 1889 1208 1956 etiam
1230 1906 1286 1971 pro

154 1992 253 2056 calice
277 2009 375 2076 aquae
403 1991 536 2073 frigidae
558 2011 620 2058 non
643 1993 815 2075 perituram
838 2011 905 2059 essa
927 1994 1113 2074 mercedem,
1140 1993 1199 2058 lroc
1222 1991 1286 2057 uti·

119 2111 216 2177 usque
239 2095 400 2160 euidenter
427 2095 590 2161 ostendens
616 2113 678 2163 non
708 2113 761 2178 pro
783 2113 880 2180 paruo
902 2095 1021 2179 aliquid
1042 2111 1195 2179 magnum
1218 2113 1286 2160 esse

154 2198 358 2280 reddendum,
383 2197 437 2263 scd
459 2201 565 2263 tamen
587 2198 811 2281 qualecumque
833 2197 906 2264 fidei
930 2217 1007 2280 opus
1031 2218 1092 2264 non
1114 2216 1181 2263 esse
1204 2197 1286 2281 pori·

153 2303 275 2366 turum.
305 2301 402 2366 babes
417 2301 522 2384 itaque
537 2301 780 2368 indubitabilem
795 2303 921 2368 futurae
935 2301 1151 2368 retributionis
1166 2300 1285 2367 securi·
1296 2297 1340 2366 ‘12

153 2405 257 2473 tatem
289 2405 385 2471 babes
416 2401 663 2486 recipiendorum
694 2405 845 2470 bonorum
875 2422 1003 2487 operum
1033 2404 1109 2470 satis
1140 2403 1286 2471 idoneum

154 2506 285 2577 uadem:
308 2509 360 2591 qni
383 2507 507 2591 quidem
531 2511 639 2574 tautae
660 2528 723 2604 non
743 2509 844 2574 solum
873 2507 942 2573 fidei
964 2511 1017 2574 sed
1041 2509 1139 2574 etiam
1162 2507 1286 2572 miseri-

117 2609 281 2679 aceordiae
304 2617 396 2694 atquc
420 2612 548 2694 pietatis
571 2615 627 2688 est,
650 2612 688 2678 ut
710 2629 771 2678 non
794 2611 897 2678 soluat
920 2613 1043 2678 tantum
1066 2613 1148 2694 quod
1169 2609 1287 2695 promi-

155 2714 232 2779 serit
255 2715 345 2797 quasi
367 2714 517 2793 debitum,
548 2717 602 2780 sed
625 2715 720 2781 etiam
744 2715 888 2782 ostendat
910 2714 1029 2796 aliquid
1052 2731 1111 2797 quo
1135 2731 1168 2778 se
1191 2711 1286 2778 faciat

153 2815 340 2883 debitorem.
378 2837 452 2884 nam
480 2819 533 2900 qui
556 2837 610 2901 pro
632 2817 731 2884 calice
752 2835 852 2903 aquae
874 2817 1008 2902 frigidae
1029 2813 1227 2901 redditurum
1251 2836 1284 2883 se

155 2918 235 2985 dixit
263 2937 329 2986 esse
357 2920 533 2986 mercedem
561 2938 622 2986 non
650 2919 752 2986 solum
781 2921 851 2986 uult
879 2920 998 2986 soluere
1021 2937 1100 3008 quae
1122 2919 1285 3003 acceperit,

155 3026 209 3088 sed
242 3021 338 3088 etiam
371 3024 564 3090 demonstrat
597 3025 700 3107 aliqua
732 3042 812 3108 quae
845 3025 956 3090 soluat.
992 3024 1063 3108 pius
1099 3022 1219 3090 scilicet
1249 3039 1286 3088 ac

117 3124 374 3191 ”misericordie
409 3127 520 3210 plenus
553 3132 585 3192 et
619 3127 778 3193 consulere
814 3128 924 3212 uolens
958 3143 1019 3193 non
1056 3125 1159 3193 solum
1192 3123 1287 3192 diuiti

156 3228 299 3312 largitati
327 3227 382 3294 sad
412 3227 507 3295 etiarn
530 3231 735 3312 pauperculae
758 3227 949 3296 officiositati
972 3229 1118 3307 ostendit,
1149 3246 1208 3316 quo
1231 3229 1286 3294 ob-

157 3331 286 3396 noxium
306 3330 368 3397 sibi
390 3332 423 3397 iu
447 3329 552 3416 aliquo
574 3333 669 3398 deum
691 3332 806 3398 laceret
828 3333 925 3399 etiam
940 3331 994 3415 qui
1008 3330 1091 3415 quod
1109 3329 1286 3400 faeneraret

158 3433 287 3516 penitus
305 3449 369 3501 nou
391 3433 529 3499 haberet.
1322 3427 1327 3433 ’

18 3505 22 3754 ,
161 3687 162 3692 1
240 3653 509 3722 altacumba

212 3861 225 3914 1
245 3860 405 3929 quicumque
423 3875 457 3915 en
473 3875 549 3934 queo.
567 3875 638 3916 corr.
656 3863 725 3916 m
741 3860 770 3914 A
864 3861 882 3916 9
899 3860 1032 3929 praetium
1050 3859 1077 3914 A
1168 3862 1288 3916 tantum-

158 3959 209 4014 que
228 3948 302 4010 (cemo
319 3945 344 4010 b)
364 3945 406 4000 ed.
425 3945 563 4002 Bolustcs
668 3943 700 3999 10
723 3943 829 4015 aliquid
851 3961 887 4002 ec
909 3945 1007 4015 aliquit
1029 3959 1098 4001 corr.
1116 3959 1151 4000 m.
1169 3947 1190 3999 2
1206 3946 1235 4000 A
1256 3952 1289 4001 ut

157 4036 184 4096 §-
203 4033 237 4087 71
255 4037 282 4088 ct
299 4034 335 4087 72
439 4032 471 4087 11
495 4032 524 4087 in
548 4047 598 4088 orn.
621 4032 757 4088 Balearica
850 4031 893 4106 Ι12
915 4031 1012 4086 torsitt
1035 4033 1062 4085 A
1085 4035 1117 4087 ct
1139 4037 1163 4098 3.
1184 4033 1220 4086 73

161 4117 193 4172 13
204 4116 353 4186 possentb:
370 4115 678 4186 porsintABHalmius
759 4119 790 4174 17
802 4117 931 4173 hebesco
942 4115 1020 4173 babis
1034 4131 1104 4174 corr.
1116 4117 1220 4174 MA

158 4201 193 4258 to
209 4202 393 4259 misericordie
410 4205 516 4276 plenus]
538 4205 612 4261 bomo
633 4201 721 4260 torum
739 4201 842 4260 acceo
858 4199 941 4260 debut
956 4203 1023 4260 bes
1041 4203 1193 4272 dita-Ber.
1206 4219 1237 4273 p.
1255 4209 1289 4260 11

158 4291 305 4362 aenaeam
326 4286 379 4357 afr.
392 4289 464 4347 aaa
482 4290 542 4350 crit.
561 4289 607 4348 act.
625 4291 692 4348 liert
709 4291 742 4348 dc
758 4293 819 4364 pub.
836 4288 922 4362 primi
938 4297 962 4357 3.
975 4294 1012 4348 58
1114 4283 1236 4362 tss‘qno'd
1255 4307 1292 4348 aa

158 4390 211 4445 quo
229 4391 351 4432 corum
369 4377 434 4431 213
667 4389 669 4394 ·
1247 4371 1252 4378 '
