3096 5018
463 441 504 496 ud
522 442 701 500 ecclesium
722 445 784 503 1111
801 451 818 514 ς
834 446 928 503 9-15.
1193 453 1259 522 affl

130 630 274 698 omnihus
289 635 365 698 deus
380 633 526 700 aeslimel
540 634 812 716 damnabiliorem,
835 638 989 722 cumipse
1003 640 1148 707 omnihus
1162 641 1257 707 deum

130 733 277 799 aestimet
298 734 452 801 uiliorem.

169 853 232 919 111.
262 852 323 919 Sed
351 853 428 920 dicit
455 855 569 941 aliquis
597 876 661 924 non
688 879 722 926 se
749 860 808 927 hoc
836 863 941 928 animo
967 861 1031 928 ish
1058 861 1168 942 iecere,
1197 882 1257 946 quo
1269 864 1312 930 12

129 961 185 1022 aut
206 959 387 1024 contemnet
406 958 501 1025 deum
522 965 578 1027 aut
599 961 697 1028 uilem
722 967 824 1046 putet,
853 967 909 1031 sed
930 984 991 1048 quo
1012 963 1064 1030 uei
1086 971 1172 1031 amet
1194 985 1256 1045 eos,

109 1077 205 1144 squos
226 1061 354 1127 heredoe
370 1061 523 1145 inuenit,
545 1065 598 1131 uel
612 1065 753 1133 honoret„
783 1069 1022 1152 adquiescamus
1038 1069 1097 1136 hoc
1112 1071 1158 1135 ila
1172 1088 1257 1136 esse:

129 1165 275 1230 omnihus
304 1165 403 1231 ferme
431 1167 527 1233 eliam
556 1168 626 1235 aliis
654 1169 911 1256 flagitiosissimis
941 1177 973 1237 ct
994 1171 1258 1239 criminosissimis

20 1259 22 1278 '
129 1270 189 1334 reis
211 1271 367 1335 excusatio
388 1268 453 1336 isla
473 1271 623 1354 suppono
653 1292 728 1339 nam
750 1275 853 1341 dicero
867 1278 901 1341 ol
921 1275 1161 1342 iomicalorihus
1181 1275 1259 1341 licei

129 1391 191 1437 non
212 1391 246 1438 sc
267 1372 326 1438 hoc
352 1371 457 1438 auimo
485 1374 643 1455 fornicari,
672 1395 733 1460 quo
755 1377 849 1444 deum
875 1383 1032 1462 spernent,
1061 1379 1135 1463 quie
1156 1381 1258 1444 miore

130 1474 266 1558 corporis
280 1476 375 1558 atque
395 1475 582 1543 infirmitate
595 1478 773 1548 uincuntur.
803 1484 837 1546 et
850 1481 1026 1548 homicidae
1039 1481 1074 1546 id
1092 1481 1258 1547 adfirmare

20 1641 21 1656 ,
98 1605 122 1645 1⁰
130 1580 270 1664 possunt,
294 1597 356 1645 nou
377 1599 411 1646 ee
434 1584 618 1666 contemptu
639 1582 691 1649 dei
711 1583 887 1650 humanum
901 1586 1088 1668 sanguinem
1110 1583 1257 1650 fundere:

129 1684 181 1750 uel
203 1685 273 1750 odio
295 1686 380 1750 enim
400 1705 435 1751 se
454 1684 508 1749 uui
529 1685 695 1768 cupiditati
715 1690 842 1753 tautum
864 1689 983 1754 scelere
1003 1693 1173 1772 praestare
1202 1689 1313 1756 sed13

131 1787 206 1872 quid
228 1787 356 1870 prodest
376 1789 468 1854 mohs
489 1788 565 1856 hneo
585 1790 754 1871 excusatio,
776 1809 850 1856 cum
871 1791 995 1858 scilicet
1016 1789 1099 1856 nihil
1120 1790 1258 1869 intersit,

129 1891 1260 1979 quamquispiamricatmsmwumsitomnepoeoetm

129 1993 308 2060 diuinitatis
335 1995 474 2062 iniuria?
508 1996 745 2080 adquiescamus
773 2001 891 2078 muron,
921 2002 958 2065 ut
983 2017 1080 2082 supra
1101 1999 1176 2078 diri,
1198 1999 1259 2064 hoo

98 2099 176 2164 sila
197 2117 275 2176 esse,
297 2117 353 2164 uec
375 2119 413 2165 ex
433 2103 616 2184 contemptu
637 2101 687 2168 dei
708 2121 758 2167 ros
780 2119 854 2168 suas
875 2102 1055 2186 quempiam
1077 2103 1132 2167 alii
1154 2103 1259 2185 magis

129 2221 224 2284 quam
245 2205 302 2268 dcc
323 2202 455 2280 tradere,
477 2205 533 2271 scd
553 2205 607 2270 uel
628 2206 744 2270 honore
763 2206 889 2271 heredis
909 2205 960 2270 oui
980 2224 1014 2271 se
1029 2206 1070 2270 ad
1093 2205 1152 2270 hoc
1172 2205 1258 2270 trahi

20 2255 22 2406 ᾗ
128 2305 179 2370 uel
208 2306 293 2371 ocris
319 2324 424 2372 amore
450 2308 598 2392 conpelli
634 2311 689 2375 aed
716 2309 793 2392 quid
821 2309 964 2392 facimus,
992 2310 1076 2392 quod
1103 2309 1162 2374 hoc
1189 2309 1257 2390 ipso

129 2410 230 2494 magis
263 2409 385 2476 incuria
416 2413 467 2476 dei
497 2414 648 2496 probetur
674 2415 769 2498 atque
801 2415 1026 2496 wncmptnsr
1060 2413 1089 2478 si
1118 2411 1213 2490 cuim,
1241 2413 1313 2479 014

130 2511 270 2595 quisquis
290 2531 334 2596 es,
355 2513 476 2596 perid,
498 2517 581 2599 quod
602 2515 767 2583 heredibus
787 2519 853 2582 tuis
873 2517 927 2582 uel
941 2517 1188 2600 thuscumquc
1209 2533 1259 2580 res

98 2617 269 2701 „proprias
302 2617 502 2702 derelinquis,
536 2623 569 2685 et
600 2620 751 2686 honorare
778 2625 813 2686 lc
846 2638 898 2686 eos
929 2619 1050 2686 indicus
1079 2625 1112 2684 et
1141 2637 1258 2694 amare,

130 2721 222 2785 deum
250 2719 368 2804 utique,
398 2721 450 2788 cui
477 2741 539 2788 nou
567 2723 729 2806 relinquis,
754 2743 812 2789 nec
832 2725 983 2791 honorare
1003 2729 1037 2789 te
1058 2723 1180 2790 indicas
1201 2741 1260 2787 usc

129 2844 243 2891 umere
279 2843 397 2907 sopor
423 2826 483 2892 hoc
510 2825 662 2911 quidquid
688 2845 745 2909 pro
773 2828 944 2892 ledineris
971 2825 1260 2892 contralomlct

130 2927 170 2993 od
196 2931 413 3012 contemptum
441 2933 535 3014 alque
563 2930 603 2997 ed
630 2931 854 2997 contumeliam
880 2933 931 2998 dei
958 2931 1095 3014 pertinet
1117 2947 1206 2995 amor
1226 2933 1260 2994 el

21 3057 23 3188 ‚
128 3031 363 3098 honorificentia
389 3035 572 3099 ceterorum.
609 3054 682 3101 curn
704 3035 787 3100 euim
808 3035 880 3100 aliis
901 3034 973 3101 ideo
993 3035 1164 3118 relinquas,
1185 3032 1312 3115 quial-'r

98 3153 182 3200 areos
213 3135 356 3211 honoras,
390 3136 494 3217 deum,
528 3139 581 3204 cui
601 3157 664 3205 uon
690 3139 852 3223 relinquis,
885 3139 995 3221 ulique
1022 3156 1085 3202 nou
1112 3137 1258 3202 honoras:

131 3257 203 3304 cum
225 3238 297 3306 aliis
317 3240 389 3306 ideo
410 3241 570 3324 relinquas
591 3242 703 3321 multa,
731 3242 879 3326 quoniam
900 3261 997 3322 amas,
1025 3242 1084 3308 deo
1102 3241 1176 3308 ideo
1194 3257 1258 3304 uon

129 3341 1258 3428 relinquisprofccio,quinnouarnae.eoceeuimadaisiilirhi

129 3446 274 3514 morienti
302 3449 396 3530 alque
421 3449 553 3514 ieshuli
574 3448 668 3515 homo
687 3448 808 3532 parlim
828 3466 867 3514 ac
886 3452 971 3515 deus
1007 3467 1059 3514 res
1079 3451 1190 3531 comte
1209 3450 1260 3512 eei

21 3519 24 3668 ι
131 3552 163 3616 et
185 3570 247 3616 nou
269 3551 377 3617 duhin:
399 3570 491 3635 quem
515 3551 658 3638 elegeris,
679 3553 868 3638 praetulisse
901 3552 985 3619 siin
1006 3570 1070 3618 unc
1089 3554 1140 3618 ml
1159 3551 1259 3616 honor

22 3669 23 3720 l
97 3654 205 3728 msolc,
235 3656 495 3720 ueoemeesliu
522 3655 585 3722 alio
612 3655 1067 3740 inuenieturcsecqucciio.
1103 3653 1258 3736 sihomc,

130 3757 184 3838 qui
207 3759 392 3840 praefertur,
414 3761 531 3843 gauro
552 3778 587 3826 se
608 3780 628 3826 a
647 3761 680 3826 le
701 3759 804 3845 diligi,
825 3777 951 3826 necem
971 3763 1022 3825 cel
1040 3760 1079 3825 ul
1099 3777 1134 3822 se
1155 3757 1260 3822 doleat

182 4031 509 4102 ldampnslffioremB
610 4033 1062 4104 squouteonemaroreu
1163 4032 1260 4100 aquo

130 4117 907 4190 deumRilterehariaeeqncddeumAB3dr.raM
995 4117 1260 4188 eedquiadllu·

22 4205 23 4300 i
129 4204 219 4260 lenies
322 4203 1259 4275 lolmdmeuelodioeedcuqridilnleiamwlonsslv

130 4291 218 4346 leriae
312 4292 544 4348 icmarus
640 4292 875 4348 lhmlmlall
971 4289 1259 4347 ldiuiur'naldnt

129 4378 328 4434 Rosam
416 4379 631 4450 fflpropriirB
720 4378 880 4448 ffladqrd
963 4376 1190 4447 ffldischiod
