3068 5012
277 411 342 476 220
765 408 919 461 Saluiani

277 598 377 662 solum
401 616 433 660 se
455 598 565 679 putent
587 597 723 677 perdere,
746 601 827 679 quod
849 615 903 679 pro
926 615 979 678 spe
996 615 1053 662 sua
1075 597 1219 662 dederint
1234 617 1271 664 ao
1293 599 1406 664 salute.

277 703 308 766 et
331 701 455 783 quidem
477 703 562 766 istud
585 701 661 764 licet
682 703 715 765 in
739 700 881 766 omnibus
905 700 969 764 fere
991 719 1087 784 graue
1111 701 1162 782 sit,
1183 683 1351 784 ¹praecipue
1374 702 1407 764 in

275 804 326 869 his
355 809 473 882 tamen,
502 822 577 887 quos
607 804 640 868 in
662 803 814 870 consimili
837 803 967 868 crimine
998 804 1194 869 infidelitatis
1217 805 1312 870 etiam
1334 822 1406 886 pro·

277 908 368 972 fessio
398 907 574 972 sanctitatis
603 912 736 973 accuset.
775 908 828 974 sed
856 908 941 972 idem
969 908 1095 972 morbus
1132 909 1183 972 hic
1211 927 1271 972 nen
1300 926 1407 972 saecu-

277 1010 390 1076 larium
413 1014 536 1076 tentum
559 1012 616 1093 est,
639 1012 693 1076 sed
710 1029 815 1076 eorum
832 1012 937 1094 etiam,
962 1015 1014 1094 qui
1036 1013 1095 1076 sibi
1114 1031 1227 1076 nomen
1245 1010 1406 1094 religionis
1429 1030 1443 1071 s

227 1114 439 1196 llnsurpant.
464 1151 506 1162 ·-
528 1116 559 1179 et
588 1116 655 1180 ideo
686 1117 794 1180 uidens
823 1116 878 1180 ille
908 1116 962 1198 qui
992 1113 1118 1196 scripsit
1150 1132 1315 1180 commune
1338 1132 1407 1178 esse

276 1219 334 1299 hoo
357 1220 476 1284 malum
499 1238 593 1302 prope
616 1222 831 1285 uniuersorum
854 1220 1017 1301 labemque
1041 1219 1121 1284 hanc
1153 1239 1213 1283 non
1245 1219 1284 1282 ad
1313 1237 1407 1282 mun-

277 1321 374 1386 diales
398 1322 523 1386 tantum
545 1321 696 1402 homines,
726 1323 897 1388 sedetiam
925 1325 964 1386 ad
993 1321 1188 1404 paenitentes
1219 1323 1312 1402 atque
1335 1339 1407 1384 con-

277 1443 390 1504 uersos,
424 1428 463 1490 ad
491 1426 601 1492 uiduas
635 1445 756 1508 quoque
784 1425 849 1490 iam
879 1423 1105 1490 continentiam
1134 1424 1286 1505 professas
1313 1423 1406 1504 atque

277 1529 315 1594 ad
344 1529 466 1610 puellas
496 1529 530 1593 in
557 1528 653 1594 sacris
682 1529 832 1593 altaribus
862 1530 1073 1606 consecratas,
1109 1513 1264 1609 qnodque,
1298 1529 1333 1590 ut
1361 1523 1446 1588 itare

278 1632 416 1712 dixerim,
440 1651 533 1715 prope
556 1633 639 1697 inter
661 1638 801 1697 menstra
816 1633 1025 1714 reputandum
1041 1633 1098 1709 est,
1121 1634 1158 1696 ad
1182 1629 1295 1696 leuitas
1312 1629 1407 1694 etiam

277 1755 313 1802 ac
334 1737 541 1818 presbyteros,
572 1738 602 1798 et
625 1738 706 1817 quod
729 1737 778 1800 his
800 1736 929 1800 feralius
954 1736 1053 1800 multo
1076 1737 1134 1812 est,
1159 1734 1255 1798 etiam
1278 1733 1317 1798 ad
1341 1731 1407 1813 epi-

277 1857 384 1920 scopos
416 1840 601 1923 peruenisse,
640 1859 676 1904 es
710 1842 823 1923 quibus
856 1840 960 1918 mulli,
996 1857 1072 1922 ques
1106 1857 1199 1922 supra
1232 1838 1305 1918 dixi,
1339 1837 1405 1900 sinc

277 1942 438 2007 affectibus
460 1942 526 2007 sinc
548 1943 683 2024 pignore,
713 1962 774 2008 non
797 1943 932 2008 familias
955 1961 1015 2007 non
1037 1943 1118 2008 filios
1141 1943 1301 2017 hebentes,
1334 1956 1406 2020 opes

278 2048 309 2110 et
331 2045 524 2110 substantias
558 2064 628 2110 suas
662 2063 724 2110 non
757 2048 946 2128 pauperibus
979 2064 1040 2110 nen
1074 2046 1220 2128 eeclesiis,
1256 2062 1317 2108 non
1347 2041 1443 2120 sibiss

276 2149 354 2232 ipsis
377 2167 437 2214 non
461 2148 602 2232 denique,
625 2150 707 2232 qnod
729 2149 778 2214 his
794 2149 938 2214 omnibus
953 2150 1053 2214 maius
1070 2152 1118 2214 est
1133 2168 1169 2214 ac
1184 2147 1405 2230 praestantius,

277 2254 344 2337 deo,
378 2255 431 2317 sed
463 2251 674 2318 saecularibus
708 2252 759 2316 ucl
792 2253 925 2318 maxime
954 2255 986 2316 et
1013 2251 1167 2316 diuitibus
1197 2255 1228 2314 et
1251 2249 1406 2316 extraneis

276 2357 471 2437 deputarent,
506 2355 606 2419 factus
639 2355 686 2419 est
715 2355 748 2419 in
780 2356 869 2420 eorde
904 2355 1012 2435 ipsius,
1048 2354 1130 2417 sicut
1163 2354 1315 2436 scriptum
1349 2355 1405 2436 est,

227 2461 360 2532 12nelus
382 2459 502 2526 domini
524 2461 613 2542 quasi
643 2461 724 2542 ignis
755 2461 876 2526 ardens.
914 2462 944 2523 et
967 2458 1049 2540 quia,
1080 2458 1297 2522 aestuantibus
1321 2474 1406 2522 sacro

277 2564 390 2629 affeetu
412 2564 559 2629 medullis
582 2567 655 2640 suis,
679 2565 765 2628 aliud
788 2565 820 2627 in
843 2563 900 2627 tali
921 2567 1007 2627 aestu
1029 2563 1131 2627 faeere
1154 2579 1214 2626 non
1237 2563 1349 2644 poluit,
1373 2561 1443 2624 inse

277 2687 385 2733 uocem
409 2667 522 2732 doloris
546 2667 657 2748 erupit.
687 2685 747 2732 uox
771 2669 877 2730 autem
898 2667 966 2748 ipsa
986 2667 1036 2730 cui
1059 2667 1276 2750 inpenderetur
1298 2665 1405 2730 nullus

278 2772 378 2853 magis
400 2770 527 2836 idoneus
551 2770 637 2834 uisus
661 2772 709 2834 est
732 2789 826 2853 quam
850 2771 992 2849 ecelesia,
1016 2771 1104 2834 cuius
1121 2769 1227 2852 utique
1249 2787 1321 2850 pars
1344 2767 1406 2850 ipsi

277 2876 375 2953 erant,
398 2874 451 2956 qui
474 2873 535 2937 ista
557 2872 724 2938 faciebant.
749 2873 902 2955 superflue
919 2872 1002 2937 enim
1019 2873 1073 2937 uni
1097 2877 1151 2937 aut
1175 2874 1280 2954 paucis
1296 2871 1405 2936 scribi·

277 2981 338 3057 tur,
361 2977 416 3042 ubi
439 2982 486 3042 est
508 2995 602 3042 causa
624 2978 814 3042 cunctorum.
850 2977 926 3042 haec
950 2995 1022 3058 crgo
1046 2975 1123 3041 ratio
1146 2979 1177 3040 ct
1199 2975 1351 3058 persuasit
1374 2977 1406 3038 et

277 3080 429 3165 conpulit,
458 3086 494 3146 ut
522 3079 624 3146 libelli
651 3085 689 3148 de
718 3082 829 3162 quibus
857 3080 1015 3163 loquimur
1037 3080 1076 3144 ad
1106 3079 1265 3144 ecclesiam
1296 3078 1442 3143 mitte-ss

228 3190 395 3254 l3rentur.
433 3205 515 3250 nunc
543 3186 622 3250 illud
651 3184 783 3249 dicimus
811 3187 891 3265 quod
920 3185 1090 3249 seeundum
1114 3185 1177 3265 est,
1208 3181 1329 3246 scilieet
1351 3199 1406 3244 cur

277 3289 310 3354 in
338 3289 430 3354 titulo
460 3289 639 3354 libellorum
667 3305 729 3352 non
752 3287 795 3352 sit
818 3306 929 3352 noman
957 3288 1102 3352 auctoris.
1138 3287 1226 3352 cuius
1255 3285 1301 3349 rei
1330 3282 1407 3347 licet

277 3411 339 3456 una
361 3393 404 3456 sit
420 3410 513 3456 causa
533 3391 678 3471 maxims,
703 3390 822 3456 multae
844 3393 959 3468 tamen,
982 3392 1019 3454 ut
1041 3407 1118 3467 reor,
1142 3407 1209 3453 esse
1225 3389 1406 3469 potuerunt.

382 3577 415 3630 ro
432 3577 503 3631 aar.
524 3577 564 3643 re,
584 3579 601 3629 s

327 3737 461 3803 lpntsut
478 3735 530 3804 Bp
635 3751 681 3804 pro
700 3751 733 3789 ca
751 3751 797 3803 per
815 3736 843 3789 Β
861 3751 930 3790 corr.
950 3751 985 3788 sa.
1003 3738 1021 3788 2
1040 3735 1098 3798 (sic)
1202 3733 1300 3786 ilicet
1318 3746 1353 3783 cor
1371 3729 1406 3783 li·

275 3824 335 3876 ceat
353 3822 381 3875 B
398 3837 468 3877 corr.
485 3839 520 3880 m.
539 3824 567 3886 2,
593 3823 658 3876 item
673 3823 841 3890 paulopost
859 3837 941 3891 maus
959 3837 993 3874 ea
1010 3821 1105 3889 grauis
1206 3819 1224 3872 4
1247 3819 1406 3872 secularium

274 3912 306 3961 ret
325 3912 358 3961 11
381 3907 545 3962 secularibus
571 3907 599 3960 B
699 3907 823 3961 {setiam
839 3922 972 3974 eorump
1076 3906 1254 3958 Scammone
1271 3909 1296 3956 et
1312 3901 1407 3956 statim

275 3994 422 4048 mundiales
440 4009 524 4062 super
542 4009 557 4046 ο
574 4009 626 4049 scr.
644 4011 662 4048 u
678 4011 714 4048 m.
732 3998 747 4046 1
767 3993 795 4047 Β
898 3994 989 4046 Ίιιοιι
1011 4008 1061 4046 osa.
1084 3991 1112 4046 Β
1215 3989 1406 4058 8psnitentes

274 4080 302 4135 Β
423 4095 563 4134 conuersos
590 4095 623 4134 cac
649 4096 790 4135 conuersus
818 4080 845 4134 Β
872 4095 942 4134 corr.
968 4081 1041 4132 aad
1165 4077 1197 4130 10
1223 4076 1257 4130 sd
1284 4076 1311 4131 Β
1338 4073 1406 4128 add.

274 4169 347 4221 aa2
434 4169 598 4221 consecratas
616 4182 650 4220 ecc
669 4167 719 4220 ·tis
736 4167 762 4220 Β
780 4182 852 4223 corr.
869 4170 936 4220 md
1033 4165 1062 4218 11
1084 4165 1218 4231 leuitasp
1315 4163 1348 4214 12
1365 4160 1405 4228 ac]

276 4255 398 4320 atquep
501 4252 662 4320 presbiteros
685 4253 712 4306 B
814 4252 849 4306 20
866 4253 895 4306 in
913 4254 963 4306 tsli
978 4269 1014 4319 p:
1041 4252 1070 4304 in
1089 4250 1143 4304 alie
1161 4249 1189 4303 Β
1292 4248 1323 4302 21
1343 4253 1406 4302 noos

275 4339 302 4394 B
406 4340 560 4406 erumpitp
