2972 5000
378 399 415 456 de
433 402 569 472 gubern.
587 401 639 458 dei
662 401 708 458 111
725 406 741 467 θ
759 402 871 459 23-28.
1145 405 1188 473 51

52 607 100 670 pro
120 587 202 653 aliis
226 590 318 658 sicut
346 608 404 674 pro
432 591 522 660 nobis
543 591 671 658 iusserit
697 592 852 676 cogitare,
880 592 936 660 ille
961 593 1034 677 plus
1055 593 1190 662 aliorum

53 707 101 754 nos
112 695 302 760 commodis
313 692 407 761 iussit
418 694 579 762 consulere
594 714 689 779 quam
704 697 827 779 nostris,
846 697 919 764 boui
934 697 1057 763 scilieet
1072 698 1191 764 domiui

53 795 147 861 bonus
171 796 326 862 famulus
348 799 382 862 et
403 797 575 881 singularis
595 799 741 882 magistri
762 799 940 880 praeclarus
962 799 1113 882 imitator,
1136 801 1191 884 qui

53 898 261 983 inuestigiis
290 899 411 966 domini
439 900 489 966 sui
516 901 681 968 ambulans
703 901 879 984 patentiora
904 903 1130 985 quodammodo
1158 906 1191 970 et

37 1004 249 1086 terpreesiora
281 1002 413 1085 pedibus
435 1005 501 1070 suis
525 1004 602 1070 feeit
628 1004 747 1074 domini
768 1005 819 1072 sui
845 1024 911 1072 esse
939 1005 1081 1092 uestigia
1115 1007 1192 1089 quid

54 1122 118 1188 ergo
133 1105 260 1172 horum
276 1106 410 1172 faoimm
425 1106 607 1187 Christiani,
623 1108 706 1192 quod
720 1107 863 1174 Christus
881 1127 922 1175 an
937 1111 1019 1192 quod
1034 1110 1190 1194 apostolus

54 1209 158 1273 iubet?
208 1212 293 1292 puto
325 1210 452 1276 omnino
475 1210 558 1293 quod
585 1212 740 1277 nentrum.
785 1230 859 1276 nam
880 1212 1006 1278 tantum
1034 1212 1124 1280 abeat
1153 1212 1191 1279 nt

54 1311 186 1376 aliorum
221 1313 396 1378 commodis
425 1313 542 1395 aliquid
570 1332 642 1380 cum
667 1312 793 1396 propria
820 1314 1072 1388 incommoditate
1099 1334 1190 1399 prae·

55 1417 183 1494 stemus,
210 1417 251 1480 nt
274 1432 382 1481 omnes
404 1415 457 1480 uel
476 1417 611 1482 maxime
633 1416 749 1482 uostris
771 1417 940 1483 commodis
963 1436 1034 1484 cum
1057 1419 1191 1486 aliorum

33 1518 257 1584 rincommodo
281 1518 489 1586 consulamus.

91 1621 166 1688 VII.
196 1619 263 1688 Sed
292 1620 409 1704 eligere
436 1622 568 1690 forsitan
595 1623 714 1688 maiora
745 1639 883 1706 quaeque
904 1622 1083 1707 uideamur,
1111 1626 1240 1709 quee2l

56 1727 157 1792 nullus
183 1725 324 1810 impleat
348 1729 390 1806 et,
413 1729 453 1792 ut
472 1725 535 1810 ipsi
556 1727 680 1808 putant,
702 1726 827 1809 impleri
842 1729 968 1793 omnino
983 1729 1188 1813 nonpossint,

57 1833 83 1893 et
102 1829 288 1912 praeterire
309 1828 382 1904 alia,
406 1847 485 1910 quae
506 1831 540 1894 et
561 1829 686 1913 impleri
709 1832 825 1912 queant
846 1833 879 1894 et
900 1833 941 1897 ab
962 1833 1105 1898 omnihus
1126 1832 1190 1898 irn-

55 1933 217 2014 pleantur.
242 1932 298 1998 sed
319 1933 458 2016 primum
481 1932 561 1998 illud
582 1933 842 2000 considerandum
863 1935 922 2015 est,
945 1935 1019 2018 quia
1032 1934 1114 2000 nulli
1128 1955 1190 2002 ser-

34 2052 163 2100 enorum
188 2037 271 2101 licet
299 2055 336 2100 ex
359 2035 426 2116 his,
450 2055 529 2119 quae
549 2037 696 2104 domiuus
719 2055 795 2103 suus
816 2040 968 2122 imperat,
996 2039 1110 2124 eligere
1134 2058 1190 2123 pro

56 2139 187 2204 arbitrio
216 2138 295 2222 quid
317 2140 396 2205 uelit
418 2139 518 2206 iacere
533 2142 609 2224 quid
623 2143 712 2220 nolit,
736 2143 768 2207 et
783 2141 1027 2208 insolentissima
1042 2143 1191 2209 abusione

57 2244 130 2324 quod
157 2243 326 2326 placuerit
348 2243 510 2308 adsumere
534 2243 615 2325 quod
639 2243 833 2327 displicuerit
854 2245 1032 2327 repudiare,
1056 2247 1190 2312 maxime
1236 2301 1241 2309 .

56 2363 121 2412 cnm
144 2348 182 2414 et
209 2347 375 2412 terrestres
397 2347 516 2412 domini
537 2365 732 2431 nequaquam
757 2364 853 2428 aequo
876 2348 980 2413 animo
995 2348 1191 2416 tolerandum
1237 2333 1243 2346 ”

55 2451 183 2530 putent,
216 2449 247 2516 si
276 2449 429 2516 iussiones
457 2468 530 2516 suas
553 2449 638 2515 serui
668 2469 703 2516 er
725 2454 815 2533 parte
838 2450 967 2516 audiant
990 2454 1021 2515 et
1043 2470 1079 2516 ex
1101 2454 1188 2535 perte

35 2555 276 2632 roontemnant,
293 2556 324 2617 et
338 2572 393 2636 pro
409 2553 541 2620 libidine
555 2572 611 2618 sua
622 2572 699 2639 quoe
712 2555 889 2636 putauerint
904 2554 1047 2621 facienda
1061 2554 1189 2636 faciant,

56 2675 125 2737 quae
147 2657 341 2741 putruerint
362 2657 570 2723 conculcanda
592 2657 785 2725 conculcent.
819 2658 846 2724 si
875 2659 956 2724 enim
978 2676 1032 2742 pro
1055 2659 1188 2727 arbitrio
1198 2664 1241 2732 28

57 2778 104 2825 suo
126 2761 218 2826 serui
243 2760 379 2826 dominis
401 2761 634 2843 obtemperant,
665 2780 704 2826 ne
726 2762 759 2826 in
779 2761 829 2826 his
851 2761 993 2846 quidem,
1022 2762 1056 2828 in
1078 2765 1189 2846 quihus

57 2863 357 2948 obtemperauerint,
379 2865 602 2946 obsequuntur.
629 2864 752 2947 quando
776 2864 859 2929 enim
880 2883 989 2930 seruus
1012 2884 1049 2931 er
1071 2865 1190 2934 domini

56 2969 99 3032 sui
127 2965 230 3032 iussis
261 2986 298 3032 ea
324 2966 404 3032 facit
433 2966 649 3033 tantummodo
680 2987 759 3051 quae
791 2968 861 3034 uult
890 2967 1004 3048 lacere,
1039 2967 1104 3036 iam
1130 2988 1190 3036 non

36 3069 253 3136 adominicam
281 3071 477 3138 uoluntatem
505 3071 619 3153 implet
647 3071 703 3136 sed
732 3089 832 3136 suem.
878 3071 906 3136 si
933 3089 1006 3154 ergo
1033 3091 1106 3151 nos,
1137 3073 1190 3156 qui
1236 3141 1238 3145 ,

57 3175 242 3242 homunculi
273 3173 423 3239 imbecilli
449 3193 572 3256 sumus,
603 3175 762 3239 contemni
787 3177 892 3239 temen
914 3193 933 3239 a
955 3172 1054 3239 seruis
1076 3176 1190 3240 nostris
1238 3165 1240 3170 ’

57 3280 183 3343 omnino
208 3277 366 3357 nolumus,
394 3296 469 3362 quos
492 3279 553 3344 etri
576 3277 664 3344 nobis
686 3277 849 3344 seruitutis
873 3277 1013 3343 condicio
1028 3277 1189 3344 inferiores

55 3380 193 3447 humana
216 3384 325 3448 tamen
348 3400 414 3448 sors
436 3382 539 3447 reddit
560 3381 718 3464 aequales,
747 3400 840 3467 quam
861 3381 967 3464 inique
990 3383 1097 3465 utique
1120 3400 1190 3448 eae-

102 3569 120 3624 2
138 3571 283 3625 consulere
301 3586 334 3626 cc
351 3571 515 3626 consulerem
538 3573 566 3630 A
582 3588 653 3629 corr.
671 3589 706 3628 m.
724 3575 745 3628 a
847 3561 895 3628 eii
912 3589 947 3629 coe
963 3561 1008 3628 dm
1025 3574 1053 3629 A
1070 3589 1139 3631 corr.
1157 3577 1191 3630 la

56 3659 204 3712 manaa
302 3657 529 3728 lnsmlnonB
630 3659 991 3718 narratorem
1089 3663 1189 3718 ucoca

57 3742 170 3798 ΒΜ
277 3742 338 3813 ipsi]
356 3743 435 3813 impii
451 3744 529 3800 baad
546 3745 756 3813 inprobabiliter
773 3745 920 3800 Hartcla‘us
1022 3746 1121 3813 putant
1137 3743 1189 3798 im-

56 3829 119 3896 pleri
130 3829 339 3885 thterlaeaa'aor
364 3831 463 3898 putant
474 3830 585 3899 implere
596 3831 652 3886 AB
739 3847 815 3900 posse
831 3833 859 3886 A
867 3831 919 3896 aed
931 3846 944 3885 e
956 3832 988 3886 aba
999 3847 1054 3886 roa.
1066 3831 1188 3886 domum

57 3912 103 3968 tto.
125 3919 162 3970 aet
187 3914 277 3981 scieas
290 3921 387 3984 postem
408 3917 496 3984 pecare
600 3918 761 3987 reimplere
779 3919 879 3986 queant
896 3918 925 3972 A
1018 3917 1051 3971 16
1068 3916 1188 3970 uellit—

58 3999 135 4054 nollit
153 4000 207 4054 alt.
225 4000 237 4054 l
254 3999 294 4056 lit.
311 4005 411 4070 pamm.
434 4001 463 4060 A
488 4001 686 4058 uelit—nollit
708 4002 736 4056 B
839 4002 871 4058 17
895 4003 1069 4072 displacuerit
1091 4002 1119 4056 A

58 4085 88 4139 ed
113 4088 314 4156 contempnent
335 4088 364 4142 A
465 4089 500 4144 22
526 4104 603 4144 amno
630 4092 713 4158 (corr.
740 4089 820 4157 serui)
848 4105 896 4146 sno
922 4089 949 4144 B
1052 4087 1087 4142 23
1114 4087 1188 4143 obse·

59 4175 156 4238 qnntnr
169 4172 234 4240 (sic)
251 4171 280 4226 A
376 4173 411 4232 Ἃ
427 4174 510 4231 iussit
526 4176 555 4232 B
650 4175 685 4231 25
702 4176 874 4232 uoluntatem
889 4191 947 4230 aaa
961 4175 1130 4244 uoluptatem
1144 4175 1188 4243 (at

59 4255 190 4314 Halmius
204 4256 286 4323 ada)
308 4259 339 4316 A
438 4260 474 4318 26
499 4261 657 4318 homunculi
681 4262 711 4316 A
812 4259 966 4329 contempni
989 4260 1045 4314 AB
1067 4260 1104 4327 (A
1122 4260 1191 4315 bem

57 4343 140 4408 poulo
154 4348 223 4413 poet
240 4344 453 4415 contempnimus
471 4351 499 4404 st
515 4346 746 4418 contempnendos,
768 4347 816 4404 aas
834 4345 868 4404 ee
884 4346 913 4414 B¹
928 4361 984 4402 aaa
1001 4346 1096 4415 liquat)
1157 4409 1159 4413 ,

1048 4447 1085 4502 4*
