3068 5012
267 397 328 464 188
581 445 584 452 .
754 395 910 452 Saluiam

267 585 392 670 publico
426 589 528 652 metus
562 585 686 668 legum,
724 602 761 650 ao
793 583 838 650 sic
871 583 989 666 duplici
1022 583 1176 667 praesidio
1209 585 1395 656 castimonia

266 689 427 764 niteretur,
461 707 532 754 curn
561 690 594 754 et
623 687 710 754 intus
746 692 826 754 esset
858 686 940 770 quod
969 689 1129 753 amaretur
1156 689 1187 754 61
1213 688 1287 755 foris
1310 689 1394 772 quod

266 791 442 858 timeretur.
481 793 565 877 leges
594 793 701 858 'autem
728 791 818 874 ipsae
846 808 1044 874 nequaquam
1073 791 1139 856 illis
1168 795 1244 856 sunt
1271 792 1393 876 legibus

267 897 502 974 consentaneae,
525 913 605 978 quae
627 897 673 960 ita
695 897 819 977 partem
841 891 1056 976 improbitatis
1072 895 1241 972 remouent
1265 894 1302 958 ut
1323 907 1396 976 par·

267 999 332 1062 tem
354 997 553 1064 obscenitatis
576 996 759 1078 admittant,
783 999 839 1062 661
860 1001 897 1062 61
920 996 1138 1064 116666661116
1160 999 1293 1077 decreta,
1315 1013 1395 1080 quac
1417 1017 1432 1060 s

266 1102 451 1167 scortatores
473 1101 599 1183 quidem
621 1101 660 1166 ab
684 1100 795 1166 alienis
819 1100 965 1164 uxoribus
988 1103 1198 1177 remouerunt,
1223 1101 1263 1164 ed
1286 1117 1394 1166 omnes

267 1205 372 1268 autem
395 1197 552 1270 solitarias
575 1205 692 1288 passim
715 1204 916 1282 admiserunt,
947 1203 1102 1270 adulteria
1123 1206 1279 1283 66166166,
1303 1204 1394 1286 lupa·

266 1305 355 1374 naria
378 1305 585 1374 aedificantes.
616 1307 791 1374 timuerunt
812 1305 960 1372 uidelicet
983 1325 1023 1372 66
1044 1307 1140 1372 nimis
1157 1307 1237 1372 casti
1252 1306 1393 1373 homines

266 1425 302 1474 ac
322 1408 393 1490 puri
416 1410 530 1489 essent,
554 1411 582 1477 si
605 1411 643 1476 cb
659 1411 745 1476 omni
760 1429 812 1475 eos
835 1409 961 1492 6661166
977 1410 1159 1492 impuritate
1181 1409 1392 1493 prohiberent.

194 1505 300 1578 roone
331 1529 394 1578 non
426 1514 474 1578 116
507 1513 572 1590 1611,
608 1514 645 1578 16
679 1513 792 1596 quibus
821 1513 993 1596 loquimur:
1032 1513 1086 1595 qui
1115 1512 1160 1578 sio
1190 1511 1394 1579 inhibuerunt
1404 1533 1433 1574 ro

266 1615 367 1682 scorta
389 1618 425 1681 61
448 1616 612 1699 adulteria,
635 1616 689 1699 qni
712 1619 743 1682 et
765 1616 897 1682 feminas
919 1615 1016 1681 nullis
1038 1617 1148 1681 uolunt
1170 1634 1237 1680 esse
1259 1615 1392 1682 feminas

264 1719 326 1784 nisi
347 1719 471 1784 maritis
493 1719 568 1799 suis,
596 1722 627 1784 et
650 1719 734 1786 uiros
757 1720 853 1784 nullis
876 1719 987 1784 uolunt
1009 1718 1193 1786 mulieribus
1216 1737 1284 1784 esse
1306 1737 1392 1784 mas-

264 1823 349 1888 culos
377 1823 437 1888 nisi
464 1824 610 1888 uxoribus
640 1823 715 1902 6616,
740 1823 793 1906 661
816 1825 944 1907 euagsri
967 1824 1112 1889 obscenas
1135 1821 1281 1889 libidines
1304 1824 1392 1887 extro

262 1925 442 2008 legitimum
473 1928 576 1991 torum
607 1944 670 1992 non
698 1927 813 2005 sinunt,
847 1926 933 2010 leges
961 1941 1032 1991 snas
1062 1925 1183 1991 66111661
1204 1925 1244 1990 61
1267 1923 1392 1992 diuinae

262 2027 341 2111 legis
375 2027 515 2111 regulam
548 2027 728 2112 dirigentes,
763 2030 800 2095 ut
829 2029 907 2094 nihil
940 2027 999 2095 sibi
1028 2029 1062 2094 16
1092 2028 1152 2094 hac
1174 2047 1207 2094 re
1230 2027 1429 2096 crederentur

261 2130 365 2210 licere,
399 2135 479 2214 quod
513 2135 585 2198 1666
619 2131 720 2196 uoluit
742 2149 803 2196 non
830 2131 935 2198 licere.
971 2135 1003 2196 61
1025 2131 1095 2196 1166
1118 2149 1179 2196 666
1201 2131 1392 2214 putauerunt

262 2253 280 2302 a
301 2253 334 2300 so
356 2235 415 2300 ulli
444 2237 563 2302 homini
591 2235 846 2318 permittendum,
875 2235 936 2300 nisi
968 2235 1049 2317 quod
1072 2233 1182 2300 fnisset
1205 2234 1349 2298 omnibus
1372 2253 1391 2298 6

262 2338 431 2404 1161611616
453 2341 650 2421 permissum.

191 2468 250 2536 101
303 2475 422 2542 XXlII.
457 2477 525 2542 Scio
549 2477 623 2560 quia
644 2475 854 2542 intolerabilia
870 2476 1057 2559 quibusdam
1072 2476 1219 2542 uidentur
1233 2476 1295 2542 ists
1309 2495 1389 2560 quae

262 2580 416 2647 dicimus:
439 2581 493 2644 sed
515 2581 635 2645 ratione
658 2599 764 2670 rerum
786 2581 940 2663 agendum
963 2582 1020 2657 661,
1044 2597 1104 2644 666
1122 2579 1253 2645 libidine
1276 2579 1429 2646 uolun-ro

240 2684 374 2749 tatum.
408 2681 491 2748 dicat
518 2681 598 2746 mihi
627 2681 768 2764 quisquis
796 2682 851 2746 ille
881 2682 937 2760 661,
968 2683 1021 2764 qui
1051 2682 1233 2766 indignatur
1254 2700 1305 2746 me
1326 2681 1391 2748 ista

261 2785 376 2852 dicere:
405 2785 557 2868 numquid
586 2784 918 2869 666666166116616666
942 2783 1084 2850 omnium
1107 2784 1245 2852 Socrates
1267 2803 1389 2868 semper

215 2874 218 2883 '
261 2888 458 2953 existimatus
488 2888 545 2965 661,
580 2887 759 2953 testimonio
794 2889 915 2954 seilicet
950 2887 1045 2953 etiam
1074 2887 1185 2954 Delfici
1218 2887 1388 2967 daemonis,

261 2991 315 3074 qui
349 2993 437 3074 quasi
470 2991 611 3075 princeps
645 2991 897 3075 philosophorum
926 2993 1008 3058 sicut
1037 2991 1269 3058 daemoniorum
1298 2993 1389 3058 erat?

262 3093 424 3160 uideamus
455 3107 529 3178 ergo
558 3111 634 3176 qnae
663 3092 803 3160 Socrates
826 3096 864 3160 16
894 3094 1047 3176 pudicitia
1079 3095 1164 3177 leges
1199 3096 1334 3160 sanxerit
1356 3098 1427 3164 6166

312 3383 329 3435 2
351 3383 492 3452 niteretur]
518 3381 675 3438 uisitaretur
698 3382 726 3436 Β
827 3383 844 3437 3
868 3383 976 3438 11116661
995 3401 1017 3439 s.
1034 3401 1086 3440 scr.
1104 3387 1153 3441 611.
1171 3403 1184 3440 6
1202 3403 1235 3440 m.
1253 3387 1274 3441 2
1291 3386 1319 3440 A

259 3469 426 3526 demittant
443 3468 471 3523 Β
557 3468 726 3537 7166166116
742 3484 826 3538 scopes
843 3470 872 3538 61
889 3486 942 3528 scr.
960 3486 976 3523 a
993 3474 1061 3525 662
1077 3472 1105 3526 A
1165 3473 1229 3536 ,10
1245 3471 1280 3527 61
1296 3489 1319 3528 6.
1336 3488 1388 3529 scr.

260 3556 324 3610 tm.
343 3557 364 3610 2
381 3555 409 3608 A
513 3554 1387 3628 1161611]1616611666616616661666166166.161661661-

255 3643 350 3713 616616
368 3641 403 3708 cf.
423 3639 570 3695 Sita-Ber.
585 3657 616 3708 6.
634 3643 676 3694 22
780 3640 812 3696 12
830 3643 858 3696 61
875 3642 1116 3698 uiros-uxoribus
1133 3644 1190 3698 suis
1207 3645 1235 3700 A
1251 3647 1388 3717 16666666.

258 3727 393 3793 inferiore
410 3726 488 3782 babet
508 3726 662 3781 66266611
681 3731 741 3792 (om.
759 3727 841 3782 etiam
860 3727 894 3792 T)
986 3729 1157 3784 mulieeribus
1175 3731 1203 3784 A
1272 3731 1387 3798 ¹1410-

258 3814 399 3882 61111666
417 3811 526 3867 thorum
545 3811 573 3866 R
678 3811 983 3882 15ugrsec1egesA
1001 3830 1071 3870 corr.
1088 3817 1161 3870 662
1263 3817 1327 3888 sibi]
1346 3818 1387 3872 ibi

258 3898 286 3952 A
390 3899 423 3954 16
450 3897 529 3954 licere
552 3901 627 3966 (6661
647 3901 711 3966 666)
736 3915 786 3958 om.
805 3898 833 3953 Β
850 3904 919 3954 nel
1029 3901 1062 3955 17
1087 3901 1131 3956 illi
1151 3917 1235 3971 super
1257 3903 1385 3972 1661666

257 4001 309 4040 ser.
328 4002 397 4040 nm.
415 3989 434 4041 2
451 3986 479 4039 Α
581 3985 616 4038 20
633 3986 807 4041 uoluntatem
824 3985 969 4042 Halmius:
993 3988 1164 4056 uoluptatum
1182 3989 1217 4054 A,
1244 3988 1305 4044 uolo
1322 3992 1388 4044 tan·

258 4073 316 4127 tum
335 4070 363 4125 Β
450 4073 480 4126 21
500 4071 541 4125 ita
557 4086 579 4126 s.
596 4086 648 4126 sco.
667 4087 680 4124 6
697 4074 764 4126 662
781 4072 809 4126 A
897 4073 931 4126 22
947 4072 1048 4138 (1166666
1065 4073 1196 4143 numquid
1212 4079 1386 4130 non...erat.

256 4157 432 4228 1166666661
448 4174 510 4212 com
527 4157 589 4213 edd.
606 4157 739 4213 Halmius
836 4175 928 4215 nume»
944 4177 997 4214 non
1016 4177 1070 4230 sap.
1090 4161 1119 4216 Β
1212 4161 1333 4216 Socrates
1351 4178 1387 4218 66

258 4243 374 4300 Socratis
401 4245 428 4296 A
455 4259 523 4300 corr.
550 4245 690 4300 6621616
716 4251 742 4300 61
768 4246 935 4312 6161261116,
1042 4247 1186 4302 23611666
1212 4262 1261 4302 666
1289 4247 1317 4302 Β
1361 4305 1365 4314 ,

256 4329 290 4384 25
308 4329 440 4384 sancxerit
458 4329 485 4382 A
