3036 5004
380 401 419 456 de
437 399 575 472 gubern.
592 397 646 454 dei
664 397 725 454 1111
750 396 895 464 §db-53.
1162 398 1204 464 83

88 594 304 678 tellegeremne,
326 590 402 675 quid
417 608 474 658 nos
488 607 544 673 pro
567 587 693 658 domino
715 587 783 667 tom
797 586 877 654 bono
894 585 995 665 iecere
1010 585 1202 670 conueniret,

89 716 144 762 cum
165 697 221 762 ille
244 715 300 780 pro
322 695 414 762 melis
441 695 541 760 seruis
564 695 656 758 tants
677 687 819 770 fecisset,
849 693 881 756 et
905 689 1113 778 compleretur
1134 690 1203 768 hoc,

88 801 152 883 quod
173 800 336 883 spostolus
359 799 444 873 dicit,
467 800 504 863 ut
525 795 787 864 mortificaremur
809 794 941 862 caritate
955 793 1041 862 illius
1058 793 1126 860 tots
1140 793 1202 873 die,

87 905 109 968 et
131 922 230 986 neque
264 901 428 968 tribulatio
460 919 575 985 neque,
592 899 739 982 angustie
772 914 871 982 neque
900 898 1076 982 persecutio
1104 916 1204 981 neque

72 1008 167 1073 stenes
199 1025 303 1090 neque
336 1006 463 1087 nuditus
497 1022 597 1088 neque
629 1003 753 1088 gladius
786 1003 890 1084 posset
924 1019 979 1066 nos
1010 1019 1155 1084 seperare
1184 1019 1204 1066 e

86 1111 200 1176 enitete
223 1111 285 1190 dei,
309 1128 388 1193 quse
410 1109 460 1174 est
481 1108 515 1174 in
538 1105 663 1177 cbristo
685 1107 758 1172 Iesu
781 1105 905 1174 dominc
932 1107 1047 1173 nostro.

116 1231 165 1296 XI.
201 1230 286 1298 (ium
319 1250 392 1313 ergo
424 1231 503 1296 baec
525 1249 545 1295 s
566 1227 656 1296 nobis
684 1228 789 1296 deberi
819 1227 944 1295 domino
974 1227 1052 1296 setis
1082 1226 1256 1296 ecumbe

86 1334 126 1417 sit,
151 1335 319 1401 uideamus
347 1334 423 1417 quid
444 1351 501 1417 pro
524 1332 574 1398 his
596 1332 716 1400 cunctis
739 1331 913 1410 reddimus,
942 1349 1021 1413 quse
1043 1331 1203 1399 debemus.

86 1439 145 1520 quid
165 1439 293 1514 scilicet
315 1437 378 1502 nisi
402 1437 503 1502 totum
525 1435 621 1516 illud,
651 1437 733 1518 quod
755 1433 1023 1518 supradiximus,
1057 1434 1203 1520 quicquid

66 1542 216 1608 oiudecens
256 1540 403 1625 quicquid
436 1539 602 1624 indignum
637 1538 785 1622 quicquid
816 1539 855 1604 ad
877 1537 1025 1602 iniurium
1054 1537 1103 1603 dei
1132 1556 1204 1620 per-

85 1645 189 1725 tinens,
243 1647 333 1710 sotus
381 1642 537 1728 improbos
580 1659 683 1708 mores
727 1639 896 1724 flagitiosos
939 1641 1041 1707 ebriae
1084 1658 1203 1708 comes·

85 1747 221 1826 sationes,
263 1747 406 1813 ementes
434 1764 545 1814 manus
578 1745 711 1812 faetidss
741 1743 886 1811 libidines
916 1743 1043 1810 rubidus
1080 1744 1203 1830 cupidi-

84 1850 163 1931 tates,
210 1850 247 1915 et
285 1849 435 1934 quicquid
478 1847 557 1914 illud
599 1848 671 1932 plue
714 1847 817 1930 potest
860 1848 1048 1914 conscientie
1091 1848 1204 1916 hebere

85 1974 158 2038 quem
190 1954 326 2021 sermo?
362 1973 459 2038 quac
487 1952 606 2030 enim,
640 1950 744 2035 inquit
766 1952 941 2035 apostolus,
975 1951 1018 2018 in
1045 1954 1203 2020 occulto

66 2058 173 2124 nfiunt
197 2059 247 2124 ab
270 2058 344 2137 eis,
374 2060 491 2142 turpe
513 2059 573 2122 est
596 2055 718 2122 etism
749 2055 888 2121 dicere.
922 2075 980 2122 nec
1001 2058 1104 2123 solum
1126 2057 1201 2136 hoc;

84 2181 139 2226 uem
161 2163 223 2228 hoc
248 2164 341 2228 uetus
357 2165 405 2227 eet
421 2161 452 2226 et
474 2160 540 2226 tem
555 2158 767 2243 praesentium
790 2161 968 2242 temporum
991 2178 1086 2244 quem
1108 2179 1201 2244 pree·

84 2264 244 2330 teritorum.
277 2264 360 2329 illud
381 2264 510 2350 grauius
533 2267 563 2329 et
579 2264 754 2346 lugubrius,
777 2263 860 2346 quod
882 2264 1017 2348 peccetis
1041 2261 1254 2331 ueteribus53

42 2373 43 2414 ³
83 2386 148 2432 noue
168 2368 329 2446 addimus,
353 2385 409 2434 nec
431 2369 533 2433 solum
556 2385 638 2432 nous
659 2368 713 2434 sed
726 2368 880 2452 quaedem
902 2369 1054 2450 paganica
1071 2385 1107 2432 ec
1128 2386 1200 2454 pre·

84 2470 186 2555 digiose
210 2472 246 2537 et
273 2472 307 2536 in
335 2471 475 2538 ecclesiis
504 2471 554 2537 dei
584 2473 656 2537 ente
684 2490 746 2538 non
774 2472 859 2550 nise,
894 2471 1047 2536 iactantes
1080 2471 1201 2538 seilicet

64 2575 210 2654 eptolenae
236 2576 268 2641 in
289 2575 383 2641 deum
395 2593 489 2641 uoces
505 2578 537 2640 et
553 2576 757 2642 contumelias
773 2574 1036 2660 blasphemantes,
1060 2567 1199 2641 dicentes

84 2678 156 2744 deum
183 2680 384 2747 incuriosum
414 2678 507 2746 deum
530 2697 592 2743 nou
615 2679 832 2744 intendentem
855 2678 949 2744 deum
972 2678 1200 2764 neglegentem,

167 2833 184 2887 3
202 2833 284 2886 Rem.
302 2833 327 2897 8,
345 2831 380 2886 36
483 2831 518 2887 14
533 2831 629 2901 Ephes.
648 2833 672 2900 5,
692 2832 725 2886 12

121 2969 136 3022 2
152 2971 352 3040 complerentur
369 2969 417 3026 esd
434 2986 452 3024 n
467 2976 565 3040 pena.
583 2972 612 3024 A
715 2972 732 3026 6
755 2971 808 3042 dei]
828 2969 931 3026 Christi
949 2971 977 3026 Β
1081 2972 1097 3026 7
1115 2987 1131 3026 s
1148 2987 1201 3027 cen.

82 3055 103 3108 A
186 3056 286 3112 debere
303 3058 344 3120 A3
361 3056 435 3124 ‘fort
453 3057 519 3112 haee
536 3073 585 3112 ucs
603 3056 704 3110 debsre'
721 3057 853 3114 Halmius
857 3079 868 3127 ;
886 3073 945 3114 non
958 3059 1065 3127 probe·
1082 3059 1165 3114 immo
1184 3075 1202 3112 e

82 3142 1201 3213 epeium=ccpoetbeeefacslcceciditetpcrmutetioneectilitt.s‘nA

82 3228 319 3300 etfrequentibus,
346 3230 382 3298 cf.
401 3229 548 3286 esce-Ber.
562 3246 594 3299 p.
610 3232 647 3286 15
753 3231 771 3286 8
796 3229 934 3286 reddimus
952 3247 987 3286 ce
1005 3230 1146 3286 reddemus
1175 3231 1200 3286 A

82 3328 136 3373 corr.
150 3333 184 3372 m.
203 3321 225 3374 2
327 3317 396 3384 dune
413 3315 507 3370 ἀιιιιιιι
525 3316 553 3383 (s'.
572 3333 594 3370 e.
613 3332 681 3386 quse
698 3331 748 3370 use
766 3316 859 3371 demus
876 3318 1090 3386 irmupoeitiessc
1108 3323 1199 3374 orcum

81 3412 187 3468 seques
206 3402 419 3472 deueemuspro
441 3401 577 3467 debemus)
602 3403 629 3456 A
657 3418 724 3472 ques
747 3403 872 3458 debemus
893 3403 933 3468 B;
961 3405 1061 3460 ‘maliet
1089 3421 1136 3474 pro
1154 3403 1199 3460 his

82 3487 170 3540 eunctis
181 3503 253 3557 quse
266 3486 391 3542 debemus
403 3487 547 3554 reddimus,
566 3488 603 3555 cf.
621 3493 713 3542 tum
728 3488 845 3544 mmacm
861 3489 978 3544 celatim·
996 3483 1199 3546 collocationem

84 3566 141 3624 Vl:
166 3572 233 3626 Scio
256 3571 458 3628 infidelissimos
474 3609 533 3628 ....
556 3573 642 3628 dicere
660 3572 788 3628 eduersus
806 3574 870 3630 hsec
888 3591 965 3643 posse
989 3591 1056 3644 quse
1074 3575 1198 3630 diximus’

82 3653 198 3714 ectetas
296 3659 327 3713 11
346 3659 482 3730 improbos
500 3675 534 3714 cc
551 3658 690 3728 improbus
709 3661 736 3714 A
754 3676 825 3715 cerr.
836 3663 905 3716 oei
1000 3661 1087 3716 ebrias
1104 3677 1126 3718 e.
1143 3677 1198 3718 scr.

81 3755 107 3792 n
121 3757 171 3798 sce.
190 3744 215 3796 dc
235 3749 259 3798 ct
276 3745 304 3798 te
323 3748 368 3810 (=
384 3744 538 3812 ebrietates)
562 3746 591 3798 A
693 3748 927 3800 commessationes
949 3747 978 3801 Β
1002 3753 1028 3802 ct
1045 3748 1146 3816 priore
1169 3764 1198 3802 m

79 3833 161 3892 Μά.
172 3829 202 3884 A
290 3829 451 3884 infestiore
463 3829 589 3888 libidines
599 3832 698 3901 scripsi
709 3833 790 3898 (conl.
804 3832 893 3887 Prusi.
908 3836 974 3906 περὶ
986 3851 1066 3904 στεφ.
1080 3833 1199 3888 11245:

81 3910 150 3968 istum
161 3914 250 3970 libido
261 3915 375 3970 foetida.
384 3954 392 3968 .
402 3916 472 3970 .luto
482 3919 511 3984 et
521 3918 617 3972 cloacis
630 3918 779 3987 inquinet):
793 3917 907 3972 ineditas
917 3926 948 3982 (s.
959 3922 1002 3972 tes
1012 3918 1075 3973 add.
1086 3921 1124 3988 te)
1134 3919 1198 3975 libi·

82 3993 139 4054 linis
150 4003 198 4067 (ce
210 4003 283 4069 -nes)
294 4001 322 4054 A
333 4004 399 4057 Μ
420 4001 562 4057 foeditates
574 4003 698 4058 libidinis
711 4004 739 4058 Β
759 4003 849 4058 foedes
862 4004 989 4059 libidines
1003 4004 1128 4060 Halmius

81 4083 173 4140 rubidus
184 4087 330 4144 Halmius:
347 4088 454 4157 rapidos
466 4090 495 4142 A
505 4105 526 4144 s.
540 4090 587 4146 des
598 4106 649 4146 scr.
663 4089 690 4144 N
703 4091 763 4157 (sic)
776 4097 802 4146 ct
812 4090 841 4145 Β
932 4090 965 4144 13
982 4090 1051 4144 illud
1062 4089 1090 4144 Β
1103 4097 1130 4146 ct
1142 4108 1195 4148 rec.

82 4182 108 4222 ss
127 4172 189 4228 edd.
216 4174 352 4242 estquod
376 4175 405 4228 A
492 4176 542 4242 Ι15
566 4177 661 4247 etiem]
689 4177 761 4246 enim
787 4177 816 4233 A
840 4179 941 4246 (eben
965 4192 1000 4230 cc
1025 4178 1200 4235 antecedenti

82 4255 149 4324 eum)
254 4257 305 4312 hoc
330 4259 417 4314 solum
442 4260 471 4316 Β
575 4263 608 4317 16
634 4263 813 4332 praesentium
837 4279 871 4318 cc
892 4262 1051 4332 proesentisn
1074 4265 1103 4318 A
1127 4280 1200 4322 corr.

82 4353 109 4391 su
123 4343 154 4396 2:
175 4344 326 4412 praesentis
342 4345 371 4399 Β
473 4346 509 4400 20
526 4348 715 4403 contumeliose
734 4363 767 4403 ecc
784 4347 960 4419 contumelias
977 4349 1006 4403 A
1022 4363 1056 4404 m.
1075 4365 1129 4408 rec.

1058 4455 1095 4509 6*
