3036 5004
461 377 497 432 de
515 377 648 447 gubern.
668 377 721 431 dol
739 375 777 431 vl
798 380 813 442 5
830 372 907 432 3-8.
1187 379 1248 446 125

114 571 213 648 eraut,
245 587 315 636 eaeo
337 568 372 634 iu
400 566 475 652 quid
502 569 622 636 rodaati
645 585 761 646 sumus,
790 565 974 634 ulbertum
997 566 1061 632 fore
1084 565 1246 634 seelestam

112 672 301 752 inuitemus,
334 674 362 738 si
389 672 442 738 uel
469 671 595 737 tautum
622 671 655 737 in
685 688 718 735 se
740 671 811 736 boni
833 668 949 736 hebeat
983 671 1134 752 quantum
1160 669 1245 736 mali.

114 795 189 842 nam
222 776 377 860 quomodo
410 793 473 841 non
505 774 631 841 beatam
665 773 895 852 arbitraremur,
931 773 959 838 si
988 773 1124 839 mediam
1145 774 1247 856 plebis

113 880 238 962 partem
260 878 390 946 haberet
411 879 580 955 innoxiam,
606 895 700 961 quam
722 895 819 960 paene
841 879 942 944 totam
965 894 1046 944 nuno
1070 895 1135 944 esse
1156 877 1248 959 plau·

12 1067 13 1070 ,
91 982 221 1066 egimus
245 980 468 1048 criminosam?
498 981 582 1046 unde
603 979 767 1062 superflue,
792 997 864 1047 oum
886 979 945 1044 hoo
960 979 1007 1046 ita
1022 979 1073 1060 sit,
1096 977 1278 1062 superfluat

114 1085 237 1150 dudum
260 1085 298 1150 de
328 1103 389 1150 uno
418 1084 501 1152 malo
536 1082 633 1148 loouli
666 1101 785 1166 sumus,
817 1069 973 1164 superflue
1007 1083 1098 1150 unius
1132 1081 1249 1153 seelera

114 1187 316 1270 delleuimus3
351 1187 406 1254 aut
434 1203 540 1252 omues
572 1183 657 1250 euim
686 1185 742 1250 aut
770 1201 865 1266 paene
894 1202 1000 1254 omnes
1030 1185 1124 1268 ilendi
1154 1189 1248 1268 atque

112 1289 246 1373 lugendi
280 1291 364 1355 suut.
402 1307 475 1355 nam
503 1288 558 1356 aut
590 1287 720 1370 plurimi
753 1286 832 1354 iales
860 1288 934 1352 sunt
961 1289 1133 1373 osteario,
1167 1286 1249 1370 quod

113 1413 178 1460 uon
201 1393 307 1460 minus
331 1391 532 1459 criminosum
548 1392 605 1468 est,
629 1391 761 1474 eupiunt
783 1393 861 1457 tales
879 1409 947 1458 esse
962 1392 994 1456 et
1016 1393 1159 1460 laborant
1174 1394 1249 1458 aotu

79 1497 273 1564 romalorum
307 1513 435 1579 operum
469 1513 530 1562 nou
563 1496 697 1578 inpares
731 1494 849 1576 uideri;
884 1512 920 1560 aa
941 1513 997 1577 per
1019 1495 1086 1576 hoo,
1122 1494 1248 1564 etiamsi

112 1599 242 1667 minora
263 1600 348 1666 mala
370 1598 505 1675 iaciunt,
529 1597 604 1681 quia
625 1597 729 1664 miuus
751 1599 900 1680 possunt,
930 1616 991 1663 non
1014 1598 1118 1664 minus
1140 1599 1247 1666 lamen

113 1703 195 1768 meli
215 1705 301 1780 sunt,
330 1702 403 1783 quia
426 1700 529 1766 nolint
556 1700 660 1769 miuus
684 1719 761 1776 esse,
785 1701 813 1765 ei
835 1699 964 1784 possint.
1002 1703 1143 1784 denique,
1167 1695 1277 1784 quodi

113 1825 216 1870 unum
239 1806 388 1887 possunt,
417 1806 470 1871 uel
497 1805 571 1870 uoto
594 1804 675 1870 tales
698 1803 774 1868 sunt
796 1821 833 1868 aa
855 1804 1017 1870 uoluntate
1039 1822 1099 1871 nou
1123 1803 1246 1884 aedunt,

112 1913 145 1972 et
169 1907 206 1972 in
233 1912 387 1991 quantum
420 1907 555 1977 facultas
588 1908 745 1991 suppetit,
779 1925 926 1989 superare
959 1907 1161 1977 contendunt.
1199 1907 1249 1976 ost

81 2011 202 2076 sonim
224 2013 300 2076 lieet
320 2012 355 2076 iu
378 2010 600 2076 dissimillimis
622 2010 714 2076 rebus
735 2009 812 2074 haee
826 2009 954 2075 illorum
976 2011 1145 2078 aemulatio
1168 2027 1247 2093 quae

112 2115 282 2194 bonorum,
317 2117 353 2180 ut
382 2115 463 2182 siout
491 2113 565 2186 boni
598 2113 708 2196 optant
741 2114 865 2178 ounotos
900 2112 1064 2179 honestate
1096 2113 1250 2181 mentium

112 2216 253 2297 uincere,
278 2215 324 2282 sio
346 2215 425 2284 mali
449 2216 579 2299 eupiunt
601 2216 759 2298 prauitale
782 2233 937 2299 superare.
972 2234 1045 2282 nam
1068 2217 1150 2282 siout
1174 2215 1252 2282 liaeo

114 2321 271 2386 bonorum
293 2319 395 2404 gloria
418 2321 523 2384 estut
546 2318 662 2386 cotidie
684 2317 827 2384 meliores
850 2316 924 2393 aiut,
948 2316 994 2384 sio
1012 2319 1167 2386 malorum
1182 2334 1248 2384 om·

115 2423 208 2490 nium
231 2426 268 2488 ut
297 2423 474 2503 deteriores,
510 2426 542 2488 ot
571 2421 654 2491 siout
688 2420 799 2504 optimi
832 2419 964 2502 eupiunt
997 2421 1152 2486 uirtutum
1175 2419 1248 2485 uni·

82 2543 282 2592 auersatum
316 2526 441 2592 euimon
469 2528 642 2608 ascendere,
676 2523 723 2591 sie
749 2523 877 2606 pessimi
905 2524 1015 2606 optant
1044 2524 1164 2606 palmas
1188 2522 1250 2588 sibi

117 2632 339 2696 uniuersorum
373 2629 527 2696 saelorum
560 2629 729 2696 uindioare.
768 2631 799 2696 et
833 2627 891 2694 hoo
926 2628 1034 2712 utique
1066 2630 1098 2692 iu
1129 2619 1280 2693 malum8

116 2733 263 2800 uestrum
285 2733 421 2800 maxime
442 2731 552 2813 nostri,
575 2732 633 2798 hoo
655 2734 713 2808 ost,
742 2729 878 2810 maxime
901 2728 1081 2810 Christiani,
1111 2731 1165 2814 qui
1188 2729 1249 2796 sei·

116 2837 204 2916 lieet,
239 2836 277 2902 ut
304 2836 367 2904 ism
402 2835 546 2919 diximus,
580 2833 739 2900 malitiam
773 2833 962 2917 sapientiam
994 2837 1117 2917 putant,
1152 2836 1184 2900 et
1213 2835 1250 2900 oie

118 2939 234 3022 quibus
263 2938 443 3021 speaieliter
472 2939 545 3004 deus
575 2938 668 3004 dioit:
702 2939 860 3019 portam
883 2936 1120 3021 sapientiam
1142 2937 1248 3018 sapi-

85 3042 274 3108 sentium
295 3042 334 3107 et
357 3040 614 3108 intelleatum
636 3041 892 3124 prudentium
909 3039 1139 3123 reprobabo.
1162 3057 1250 3106 oum·

119 3163 180 3228 que
203 3145 362 3229 apestolus
384 3147 514 3231 elamet,
536 3144 570 3209 si
594 3144 682 3228 quis
705 3143 870 3209 uidetur
892 3143 1066 3228 sapiens,
1096 3143 1250 3207 stultus
1309 3157 1311 3160 ’

118 3246 196 3313 fiat
230 3247 271 3312 ut
304 3248 358 3313 sit
390 3248 567 3331 sapiens,
601 3248 660 3312 hoe
692 3248 741 3313 est
772 3248 885 3326 disere,
920 3247 948 3312 si
978 3247 1047 3330 quis
1080 3245 1149 3312 uult
1186 3263 1251 3310 esse

118 3349 262 3432 sapiens,
294 3351 337 3415 sit
359 3349 472 3434 bonus,
502 3351 577 3435 quia
598 3369 688 3417 nemo
711 3369 785 3416 uere
806 3351 934 3433 sapiens
957 3350 1019 3416 nisi
1041 3367 1113 3416 uere
1135 3350 1250 3416 bouus:

118 3471 177 3518 nos
199 3471 216 3516 e
239 3451 364 3518 diuerso
394 3453 549 3520 malarum
580 3454 735 3518 mentium
763 3452 853 3532 uitio,
889 3455 930 3532 et,
965 3453 1000 3518 ut
1021 3451 1170 3520 diuinitas
1194 3451 1249 3530 ait,

226 3672 293 3727 241
312 3673 370 3730 Cor.
391 3677 413 3742 1,
433 3675 466 3730 19
569 3676 634 3732 261
654 3675 712 3734 Cor.
732 3677 810 3744 3,18

175 3880 297 3949 lerant]
316 3882 380 3934 sunt
397 3881 425 3935 Β
519 3881 746 3936 tarbitraremus
765 3881 792 3934 Β
887 3880 1020 3935 isoelere
1037 3880 1066 3934 A
1162 3880 1252 3933 lom-

120 3982 168 4020 nes
184 3982 253 4037 poue
270 3967 319 4022 aut
337 3981 429 4021 omues
447 3968 517 4022 enim
540 3967 622 4022 flendi
645 3968 673 4021 B
777 3966 810 4021 12
832 3965 930 4021 uolunt
952 3967 980 4022 Β
1084 3967 1117 4020 13
1139 3964 1207 4020 telos
1230 3980 1252 4019 s.

120 4067 174 4108 sor.
190 4055 291 4109 mai
310 4053 356 4121 (=
366 4054 441 4117 sunt)
459 4053 764 4122 Mstopouloorotatit
786 4050 914 4121 lugendi?
929 4057 955 4107 et
972 4051 1081 4120 plurimi
1098 4051 1185 4106 oleos

10 4147 11 4150 ’
122 4137 156 4192 14
169 4143 235 4208 post
252 4137 368 4194 sepultas
386 4153 455 4194 arae.
474 4144 492 4193 i
510 4139 538 4193 A
632 4139 665 4194 1⁷
678 4137 831 4206 eupiuntA
925 4136 1253 4206 asperrimieapemimo

10 4213 11 4222 ’
121 4226 149 4278 Α
165 4227 316 4281 corr-m.2
413 4225 447 4280 Β
464 4225 579 4281 maxima
596 4228 675 4293 (orate
692 4223 851 4290 Christiani)
870 4238 921 4278 ooo.
938 4223 967 4277 Β
1062 4222 1098 4278 24
1115 4222 1179 4278 deus
1197 4237 1254 4292 ape·

122 4310 227 4366 cialiter
243 4310 272 4365 B
377 4310 445 4366 dixit
462 4312 490 4367 Β
592 4311 627 4367 29
643 4311 776 4366 malorum
795 4310 822 4364 A
