3036 5004
196 369 199 376 ’
271 385 332 454 126
745 385 909 444 ¹Saluiani

269 572 398 654 reprobo
422 590 524 651 seusu,
548 573 720 640 bonitatem
738 592 791 656 pro
807 575 946 641 stortura
960 576 1125 660 repudiant
1127 580 1207 643 esst
1222 579 1395 660 nequitiam

269 693 322 759 pro
351 676 506 758 sapientia
539 674 705 762 diligentes
739 681 829 744 tanto
863 678 977 746 ootidie
1010 680 1223 763 prudentiores
1252 699 1317 746 esse
1340 699 1394 746 nos

270 777 424 845 eredimus
447 779 562 862 quanto
583 779 702 864 peiores
725 793 841 846 sumus.

239 897 259 1002 9
311 897 352 962 Il
387 898 429 964 lit
452 916 530 998 quae
552 898 688 978 landem,
711 916 795 982 rogo,
823 919 893 985 spes
916 901 1141 969 emendationis
1163 905 1197 969 ιιι
1221 903 1309 970 nobis
1333 906 1392 983 est,

242 999 322 1083 qui
355 1020 415 1066 non
452 1021 554 1067 errore
591 1001 744 1086 opinionis
781 1002 820 1070 ad
854 1003 970 1069 malum
1006 1007 1164 1088 duoimur,
1202 1007 1255 1072 sed
1292 1007 1434 1072 studies

268 1105 369 1170 malae
391 1106 562 1171 uoluntatis
584 1105 680 1171 adnit
657 1109 764 1184 t‚1mur
787 1112 824 1172 ιι
845 1127 967 1190 semper
989 1110 1107 1193 peiores
1138 1127 1202 1176 esse
1224 1113 1393 1177 uideamur.

269 1210 300 1271 et
328 1207 400 1272 bino
427 1209 484 1288 est,
518 1209 599 1290 quod
629 1210 745 1274 dudum
774 1214 900 1292 questus
929 1229 1000 1275 sum
1028 1213 1193 1278 deteriores
1216 1231 1271 1280 nos
1295 1215 1394 1280 multo

268 1327 448 1392 essequam
473 1311 636 1389 barbaros,
672 1312 743 1394 qnia
765 1313 836 1378 illos
865 1315 1040 1396 ignorantie
1061 1314 1141 1398 legis
1154 1319 1289 1382 excusat
1295 1366 1304 1400 ,
1338 1335 1395 1382 nos

267 1411 398 1478 seientia
434 1415 567 1481 eoonsst.
604 1414 654 1479 illi
690 1434 744 1498 per
781 1415 970 1498 imperitiam
1007 1417 1168 1498 ueritatis,
1206 1421 1279 1502 quia
1316 1437 1394 1502 quae

267 1517 330 1581 sint
364 1518 441 1582 bona
473 1518 625 1602 nesoinnt,
660 1519 743 1582 mala
771 1535 826 1600 pro
855 1517 944 1584 bonis
968 1519 1118 1603 diligunt:
1153 1539 1209 1586 nos
1231 1540 1301 1586 oum
1332 1523 1434 1586 soi-ro

241 1620 387 1710 ‘entiam
416 1623 558 1686 ueritatis
587 1621 766 1706 habeamus,
797 1638 875 1703 quae
904 1621 967 1686 sint
996 1621 1078 1686 bona
1106 1624 1222 1706 optime
1250 1625 1394 1690 nouimus

217 1721 283 1788 19ι
297 1755 313 1787 ι
335 1725 445 1789 modis.
483 1726 629 1808 primum,
661 1725 741 1807 quod
770 1723 849 1789 nihil
876 1724 972 1790 ierme
1003 1727 1054 1790 nel
1078 1726 1243 1792 eriminum
1265 1728 1316 1793 uel
1337 1728 1394 1794 fla·

266 1825 415 1909 gitiorum
444 1831 499 1906 est,
531 1829 611 1909 quod
639 1827 672 1892 in
700 1826 884 1910 speotaoulis
907 1845 968 1892 non
991 1827 1048 1894 eit:
1076 1829 1130 1893 nbi
1160 1848 1318 1896 summum
1339 1833 1394 1896 de-

266 1927 410 1994 liniarnm
446 1949 542 2013 genus
577 1933 624 1996 est
657 1931 736 1995 mori
768 1927 908 1996 homines
931 1933 995 2010 aut,
1029 1933 1109 2014 quod
1132 1936 1178 1998 est
1199 1935 1299 1999 morte
1320 1952 1394 2018 gra-

267 2031 337 2096 uius
372 2033 588 2115 uosrbiusque‚
621 2033 769 2114 lacerari,
805 2033 922 2114 expleri
955 2033 1091 2099 ferarum
1126 2037 1214 2100 aluos
1247 2036 1433 2104 humaniore

267 2134 422 2216 carnibus,
458 2137 579 2201 eomedi
608 2135 749 2201 homines
780 2154 852 2200 oum
873 2137 1144 2203 eirenmstantium
1174 2139 1297 2205 laetitia
1319 2157 1394 2205 oon-

266 2237 466 2320 spieientium
502 2240 674 2322 uoluptate,
708 2239 766 2304 hoo
799 2242 847 2306 est
879 2259 940 2306 non
973 2242 1076 2306 minus
1103 2259 1200 2325 paene
1231 2241 1393 2308 hominum

266 2341 446 2424 aspeotibus
475 2361 569 2425 quam
598 2342 771 2407 bestiarum
802 2342 948 2408 dentibus
972 2344 1123 2411 deuorari.
1161 2345 1253 2428 atquo
1275 2349 1311 2409 ut
1334 2346 1393 2410 hoo

266 2443 331 2525 fiat,
366 2447 449 2512 orbis
481 2445 674 2528 impendium
702 2447 765 2522 est;
801 2465 916 2530 magna
950 2446 1033 2512 enim
1067 2467 1142 2513 onra
1169 2447 1202 2512 id
1233 2451 1337 2530 agitur
1360 2453 1393 2514 et

266 2545 449 2612 elaboratur.
480 2549 632 2612 adeuntur
647 2549 743 2613 etiam
767 2549 834 2612 loos
852 2547 961 2613 abdita
982 2551 1158 2617 lustrantur
1180 2552 1259 2616 inuii
1281 2552 1432 2630 saltuum

265 2652 432 2732 peragrant
433 2670 470 2714 ur
486 2651 586 2715 siluae
600 2651 835 2733 inexplicabiles
848 2653 1097 2718 oonsoenduutur
1112 2653 1272 2719 nubiferne
1283 2653 1390 2738 Alpes,

264 2755 466 2834 penetrantur
502 2755 619 2818 inferae
656 2753 823 2818 nullust
792 2757 823 2817 et
855 2754 1069 2820 utdeuorari
1106 2757 1228 2838 possint
1263 2775 1281 2822 a
1316 2757 1391 2822 ieris

264 2853 385 2920 uiscera
418 2855 589 2936 bominum,
624 2874 685 2921 non
719 2855 793 2920 lieet
826 2773 970 2922 ulturum
999 2875 1104 2922 rerum
1131 2859 1248 2942 aliquid
1280 2860 1393 2926 babere

214 2958 426 3024 liseeretum.
465 2958 519 3023 sed
548 2959 634 3038 haee,
669 2961 781 3043 inquis,
815 2977 877 3026 non
904 2979 1026 3043 semper
1055 2961 1144 3027 fiunt.
1183 2963 1302 3028 eertum
1332 2969 1392 3028 est.

264 3063 296 3124 et
317 3062 478 3144 praeclara
493 3063 605 3128 erroris
622 3063 670 3129 est
685 3064 852 3144 exeusatio‚
876 3065 948 3146 quia
964 3081 1024 3130 non
1040 3083 1161 3148 semper
1181 3064 1278 3131 fiunt:
1301 3067 1431 3147 quasise

366 3225 379 3278 1
402 3223 478 3278 Rom.
498 3226 521 3290 1,
539 3225 574 3280 28

266 3381 271 3418 ι
317 3371 327 3423 1
350 3367 495 3439 reprobabo
513 3370 560 3426 sed
578 3371 612 3425 ba
626 3361 724 3440 purast.
742 3373 770 3426 A
881 3372 913 3427 12
936 3379 1001 3428 oute
1024 3373 1110 3428 modis
1127 3373 1192 3431 odd.
1209 3376 1242 3430 iu
1258 3391 1344 3446 murp.
1365 3376 1393 3429 B

265 3455 338 3512 deest
361 3456 406 3514 hio
429 3457 546 3527 aliquid;
572 3459 603 3513 iu
619 3463 652 3512 ιι
668 3474 772 3514 rasura
793 3459 913 3528 quiaque
935 3460 981 3514 uel
1003 3475 1051 3516 eea
1069 3461 1119 3516 ltu.
1139 3466 1189 3524 est;
1216 3462 1311 3530 poesie
1329 3469 1393 3530 apte

263 3543 405 3611 supplere:
424 3543 468 3597 sed
481 3543 597 3611 deligere
608 3559 657 3597 nos
670 3545 740 3598 mala
755 3545 849 3599 multis
861 3544 1025 3600 ostendimus
1044 3546 1137 3600 modis’
1160 3547 1305 3616 Halmium
1322 3548 1391 3614 fort.

264 3629 366 3683 excidit
393 3629 472 3682 malis
499 3631 589 3684 autem
617 3632 800 3698 postponimus
829 3631 924 3686 multis
950 3632 992 3685 ito
1014 3637 1045 3686 ut
1068 3632 1213 3688 subsimilis
1235 3635 1393 3690 litterarum

264 3713 363 3770 (ιιιιιι
388 3716 420 3768 iu
444 3716 556 3770 uocibus
583 3715 668 3770 modis
691 3719 719 3770 et
737 3716 815 3770 malis
838 3717 967 3772 lueuuuru
991 3719 1109 3784 effecisse
1132 3717 1263 3774 uideatur
1286 3721 1321 3787 of.
1339 3737 1392 3776 uos

264 3801 401 3857 Sita-Ber.
413 3820 441 3871 p.
453 3808 471 3859 9
485 3803 588 3867 (multis
600 3803 689 3857 modis
700 3804 740 3858 sio
751 3804 871 3858 recurrit
883 3804 937 3873 Ep.
954 3805 1019 3869 VH,
1032 3807 1050 3858 3
1061 3806 1141 3871 uliae)
1242 3807 1274 3862 13
1287 3824 1392 3862 summa

263 3888 416 3943 dilitiarum
428 3889 489 3958 (del.
501 3906 535 3944 m.
548 3891 578 3954 2)
590 3890 618 3943 A
707 3890 740 3944 16
752 3889 881 3944 commodi
893 3895 919 3944 ιι
933 3891 1137 3946 oiroumstanoia
1149 3893 1176 3946 B
1261 3893 1296 3947 20
1308 3895 1392 3950 inuiis

263 3973 328 4027 altis
350 3975 378 4028 A
486 3973 520 4028 22
546 3973 630 4044 iniero
653 3975 693 4028 A:
721 3974 851 4030 niuilerae
874 3976 902 4029 B
931 3975 1050 4044 (inferas
1075 3977 1157 4030 ualles
1183 3980 1284 4034 rectius
1306 3995 1390 4050 oppo-

262 4065 370 4114 nuntur
392 4061 500 4128 superis
516 4075 537 4115 s.
560 4061 623 4114 ultis
640 4061 760 4130 Alpibus
783 4077 864 4130 quam
885 4061 1014 4116 niuiferae
1037 4062 1181 4132 nubiferisp
1209 4068 1261 4133 quo
1285 4067 1392 4123 amaru

263 4146 335 4215 quod
347 4146 513 4204 adientiuum
531 4147 631 4201 inieras
642 4149 725 4204 uerbo
741 4149 916 4216 penetrantur
927 4151 1012 4220 mepte
1024 4149 1158 4204 eouwutt’
1171 4151 1311 4220 Halmius)
1324 4153 1393 4220 fort.

260 4235 380 4286 uouuur't
408 4233 485 4288 Solu.
513 4233 637 4288 rini'ferae
663 4234 709 4288 uel
731 4233 805 4302 quod
827 4234 972 4290 Hortoliue
994 4237 1155 4304 aspiratur
1175 4237 1321 4328 amniierae

262 4317 297 4371 24
314 4320 415 4372 eertum
434 4321 621 4388 est-semper
638 4319 708 4373 fiunt
724 4335 773 4374 om.
792 4321 819 4373 A
838 4325 873 4387 (ιι
893 4321 926 4384 Τ)
