2972 5000
197 514 199 525 .
288 438 330 504 36
773 434 944 488 Saluiani·

289 628 321 689 et
344 623 507 706 exemplis,
531 625 587 689 sed
609 623 676 706 ipso
700 622 825 688 nomine
847 626 941 707 atque
964 623 1170 706 appellatione
1193 625 1301 690 indicii
1323 629 1417 691 deum

289 727 387 792 etiarn
421 727 574 809 praesenti
608 727 730 792 saeculo
766 725 910 792 iudicare
939 727 1063 792 diuinae
1095 747 1150 810 per
1184 741 1285 795 sacros
1317 730 1421 796 testes

288 833 413 897 litterae
436 829 579 913 probent.
615 834 669 897 sed
692 829 823 896 forsitan
845 835 946 914 putee,
971 832 1002 897 id
1019 831 1195 913 specialiter
1217 833 1323 897 sancto
1345 834 1414 896 niro

289 935 385 1000 adeo
414 934 616 1016 praestitum,
649 937 685 998 ut
710 934 746 999 de
769 933 955 1000 aduersariis
986 934 1052 1000 eius
1082 935 1223 1018 protinus
1251 935 1414 1000 indicaret.

289 1037 353 1103 dice
375 1056 426 1101 me
449 1037 585 1116 deficiet,
617 1035 644 1100 si
667 1037 705 1100 de
727 1037 941 1119 praesentibus
963 1036 997 1102 in
1018 1039 1076 1103 hoc
1106 1042 1221 1104 mundo
1251 1039 1422 1104 sententiis
1452 1064 1466 1102 e

289 1142 383 1223 atque
406 1137 530 1205 iudiciis
553 1139 651 1206 uelim
674 1141 785 1206 dicere.
817 1141 872 1206 sed
890 1142 1007 1224 tamen,
1030 1144 1066 1205 ut
1082 1141 1243 1207 euidenter
1258 1159 1418 1225 agnoscas,

290 1261 454 1309 censuram
476 1262 565 1309 sunm
588 1247 620 1310 et
642 1263 771 1310 examen
793 1261 915 1309 sacrum
938 1263 1000 1309 non
1021 1245 1089 1309 tam
1104 1246 1241 1328 personis
1256 1247 1422 1328 praestare

290 1366 384 1430 quam
407 1347 525 1431 causis,
549 1347 624 1413 audi
646 1349 797 1429 quomodo
819 1347 910 1410 iudex
934 1348 1025 1428 deus,
1049 1347 1104 1429 qui
1125 1367 1180 1430 pro
1203 1348 1305 1413 Dauid
1327 1366 1418 1412 seruo

290 1469 345 1516 suo
369 1453 559 1517 sententiam
582 1451 710 1516 adsidue
734 1451 912 1516 euidentem
934 1451 1036 1535 dedit,
1061 1451 1168 1515 contra
1191 1451 1291 1516 Dauid
1313 1451 1420 1533 ipsum

292 1556 414 1638 saepius
436 1555 592 1620 iudicarit.
627 1555 659 1620 et
686 1554 811 1637 quidem
840 1554 898 1618 hoc
921 1571 984 1618 noo
1006 1555 1039 1618 in
1062 1555 1234 1619 multorum
1256 1553 1421 1620 hominum
1435 1583 1463 1620 ιο

291 1658 416 1742 negotio
451 1662 521 1738 aut,
560 1656 641 1740 quod
674 1657 804 1722 forsitan
837 1658 990 1739 potuisset
1023 1658 1116 1722 deum
1149 1657 1251 1740 magis
1284 1675 1424 1738 monere,

291 1765 488 1842 sanctorum,
512 1761 566 1826 sed
589 1760 622 1825 in
645 1778 736 1825 cauea
759 1761 790 1825 et
818 1761 911 1824 nnius
939 1760 1130 1842 hominieet
1157 1760 1283 1826 barbari
1312 1761 1343 1826 et
1365 1761 1423 1825 nbi

290 1865 415 1930 tantum
449 1865 553 1930 nimm
584 1881 716 1947 persona
747 1863 873 1946 penitus
907 1882 969 1929 non
997 1865 1200 1948 pacauerat,
1235 1863 1295 1929 nisi
1326 1879 1425 1927 eausa

242 1969 469 2047 16multaeset.
507 1965 671 2032 interfecto
695 1967 770 2032 Uria
793 1965 951 2046 Chettaeo
975 1968 1101 2032 homine
1125 1968 1229 2053 gentis
1251 1967 1365 2048 impiae
1389 1967 1424 2030 et

290 2070 427 2136 nationis
450 2070 605 2143 inimicae.
629 2071 739 2135 statim
761 2069 798 2134 fit
820 2071 858 2136 ad
874 2071 976 2136 Dauid
999 2089 1099 2136 sermo
1123 2070 1265 2135 diuinus:
1294 2070 1420 2136 Uriam
1434 2096 1461 2134 15

292 2175 526 2240 chettaeum
569 2173 811 2256 percussisti
855 2175 989 2258 gladio
1027 2177 1064 2238 et
1101 2193 1260 2239 uxorem
1304 2173 1423 2238 illius

190 2263 191 2269 ἵ
291 2278 489 2360 accepisti
518 2296 676 2342 uxorem
699 2277 739 2342 et
761 2277 1015 2342 interfecisti
1037 2295 1124 2341 eum
1153 2277 1288 2361 gladio
1310 2274 1423 2340 filio-

290 2401 373 2446 rum
396 2382 572 2449 Ammon:
603 2399 715 2465 quam
737 2382 781 2446 ob
803 2400 885 2445 rem
905 2400 980 2447 non
1002 2380 1165 2446 recedet
1190 2379 1350 2464 gladius
1374 2379 1422 2444 de

291 2485 398 2550 domo
420 2487 489 2549 tua
510 2502 632 2567 neque
653 2483 693 2548 in
715 2484 1008 2570 sempiternum.
1039 2485 1178 2565 itaque
1201 2481 1424 2548 haecdicit

290 2587 492 2653 dominus:
527 2606 612 2652 ecce
646 2606 716 2670 ego
749 2587 953 2652 suscitabo
987 2605 1103 2670 super
1130 2590 1167 2651 te
1201 2587 1346 2651 malum
1374 2587 1460 2651 deae

291 2690 399 2754 domo
431 2695 498 2755 tua
520 2693 557 2754 et
590 2689 733 2754 tollam
764 2705 903 2753 uxores
938 2693 1028 2754 tuae
1051 2689 1091 2753 in
1122 2689 1246 2755 oculis
1276 2692 1357 2754 tuis
1380 2691 1423 2753 et

281 2793 389 2858 -dabo
411 2793 589 2876 proximo
611 2795 685 2856 tuo.
723 2792 767 2856 tu
790 2792 892 2856 enim
915 2791 1056 2857 iecisti
1078 2792 1325 2858 abscondite:
1349 2809 1423 2873 ego

291 2913 385 2960 uero
428 2895 570 2959 inciam
614 2897 776 2960 uerbum
818 2894 928 2959 istud
965 2895 1004 2959 in
1041 2897 1254 2978 conspectu
1292 2895 1422 2960 omnis

243 2998 449 3072 lllsrahel
479 3000 517 3064 et
545 2999 585 3063 in
616 3003 829 3082 conspectu
859 2999 967 3066 solie.
1006 3000 1081 3082 quid
1103 3000 1181 3065 dicis
1204 3003 1255 3077 tu,
1278 2999 1332 3081 qni
1354 3015 1420 3062 non

255 3141 260 3146 -
292 3105 393 3168 solnm
414 3120 476 3167 non
499 3101 629 3167 indicari
648 3121 855 3186 quaecumque
871 3103 1004 3186 agimus,
1023 3105 1076 3168 sed
1092 3121 1148 3168 nec
1163 3102 1275 3184 respici
1290 3103 1419 3167 omnino
1433 3123 1459 3165 re

291 3209 386 3272 adeo
409 3205 530 3271 credis?
562 3207 692 3270 uidesne
714 3207 810 3271 etiam
833 3225 852 3271 a
874 3209 992 3272 secreto
1013 3206 1082 3285 illo,
1112 3224 1172 3288 qno
1194 3207 1297 3271 Dauid
1319 3207 1422 3271 semel

291 3309 395 3391 lapsus
425 3309 488 3384 est,
518 3328 714 3392 nequaquam
738 3313 788 3376 dei
810 3311 915 3376 oculos
938 3310 1079 3376 afuisse?
1112 3311 1247 3375 undeet
1271 3313 1323 3392 tu,
1354 3309 1420 3393 qni,
1479 3309 1480 3320 ’

291 3413 332 3478 ad
360 3412 508 3477 solacium
542 3414 676 3479 arbitror
709 3417 905 3496 peccatorum
937 3416 1078 3490 tucrum,
1112 3413 1300 3480 considerari
1329 3416 1422 3478 aetus

393 3599 425 3653 15
444 3598 474 3652 11
492 3599 557 3668 neg.
575 3599 618 3664 12,
637 3599 723 3654 e-ro

345 3755 407 3810 lin
425 3755 483 3823 ipso
501 3753 550 3808 sed
566 3753 595 3806 in
609 3759 737 3822 porrotot.
755 3754 783 3807 A
874 3754 997 3825 3pntes]
1016 3758 1092 3824 potes
1110 3755 1137 3810 B
1233 3755 1348 3811 4adeo
1367 3771 1420 3808 om,

292 3841 321 3895 B
337 3844 406 3895 m.1
509 3839 732 3894 101udioaritA
750 3845 777 3894 ot
794 3855 828 3894 ex
846 3841 993 3895 uindicanti
1010 3857 1079 3898 corr.
1099 3841 1125 3896 B
1143 3845 1217 3898 Μ
1320 3845 1347 3895 in
1366 3857 1420 3895 orn.

293 3927 321 3981 B
422 3903 458 3980 l3
475 3925 583 3994 penitus
601 3925 799 3994 adgranauerat
817 3927 845 3981 B
950 3926 983 3980 14
1006 3929 1050 3981 uri
1067 3928 1171 3982 cettheo
1193 3930 1233 3992 A3
1260 3927 1332 3984 ‘fort
1351 3926 1420 3980 Uria

293 4012 421 4066 Chettaeo
439 4011 584 4065 secundum
596 4013 701 4064 textum
713 4027 837 4080 graecum
855 4013 921 4086 Οὐρ.
940 4011 1112 4074 ὁΧετταῖος’
1130 4020 1202 4068 recte
1213 4015 1351 4077 Halmius,
1370 4016 1421 4082 qod

291 4099 325 4152 io
341 4099 369 4152 B
391 4099 528 4152 inmisso
550 4096 662 4152 otdetror
681 4103 816 4166 receptam
834 4117 851 4153 a
868 4115 897 4153 so
914 4101 1080 4170 scriptoram
1096 4101 1195 4165 Etheo3
1222 4103 1255 4155 in
1272 4101 1421 4169 archetypo

292 4184 377 4251 facisee
391 4185 514 4253 poterim
530 4185 615 4237 oettco
634 4185 674 4238 ct.
692 4183 711 4237 h
728 4200 750 4239 o.
769 4199 835 4251 scr„
861 4201 930 4254 quoe
948 4203 967 4240 c
983 4187 1096 4241 librario
1120 4188 1179 4244 loco
1201 4203 1261 4242 non
1283 4193 1354 4242 recto
1371 4186 1418 4240 trc-

293 4270 431 4326 ecretator
534 4270 567 4324 16
589 4269 692 4324 cdrtheo
714 4285 832 4339 saproc
855 4271 895 4327 tc.
913 4277 930 4325 d
946 4287 999 4327 eor.
1023 4273 1052 4328 A
1154 4273 1188 4328 25
1210 4275 1292 4328 adeo
1309 4273 1418 4328 omnino

293 4358 322 4413 B
424 4356 458 4410 nt
476 4356 584 4412 affuisse
600 4356 629 4412 B
731 4357 765 4412 28
782 4357 947 4414 considerare
963 4359 991 4412 A
