2972 5000
417 367 454 421 de
472 367 608 436 gubern.
627 365 680 422 dei
702 366 717 422 Ι
735 369 750 430 ς
769 366 880 424 10-17.
1171 369 1209 434 13

91 555 207 622 ecclesia
233 556 444 640 supplicantes
467 556 663 638 praesentem
680 553 769 620 nobis
785 557 921 622 salutem
936 576 955 622 a
969 558 1027 624 deo
1041 558 1207 642 poscimus,

89 660 110 724 si
125 661 300 726 audiendas
324 679 380 727 nos
403 661 526 744 penitus
549 676 609 725 non
632 661 802 742 putamus?
836 660 924 726 nulla
946 677 1019 745 ergo
1043 661 1131 726 nobis
1154 680 1209 744 pro

89 763 354 829 incolumitatibus
377 781 412 828 ac
434 761 691 846 prosperitatibus
720 760 835 826 uostris
865 765 940 827 nota
962 761 1101 829 facienda
1125 768 1208 832 sant.

89 866 153 948 quin
171 865 294 948 potius,
318 868 355 931 ut
376 865 531 932 modestia
553 864 793 947 supplicationis
811 882 926 932 uocem
943 865 1086 932 conciliet
1102 871 1208 949 postu·

73 970 183 1048 alantis,
209 968 379 1034 dicendum
394 969 524 1034 fortasse
540 967 629 1033 nobis
646 970 711 1032 est:
733 968 866 1047 domine,
891 987 952 1034 aon
967 969 1207 1052 prosperitatem

88 1073 160 1138 uitae
188 1073 285 1138 istius
313 1072 448 1155 petimus
469 1089 527 1138 uec
549 1089 604 1155 pro
627 1070 716 1140 bonis
740 1071 957 1152 praesentibus
979 1073 1208 1156 supplicamus:

90 1179 188 1241 scimus
228 1175 315 1240 enim
340 1193 437 1242 vaures
470 1176 542 1240 tuas
572 1175 621 1239 his
652 1174 915 1242 obsecrationibus
945 1176 1066 1244 clausas
1084 1196 1156 1242 -esse
1179 1180 1210 1242 et
1282 1229 1285 1244 .

92 1282 221 1347 auditum
257 1283 290 1346 te
319 1281 358 1346 ad
388 1297 492 1362 preces
527 1277 703 1344 istiusmodi
732 1295 794 1342 nan
823 1278 954 1358 habere,
989 1280 1044 1345 sed
1073 1299 1128 1363 pro
1158 1280 1209 1347 his

90 1385 301 1449 tautummodo
329 1382 484 1466 petimus,
514 1384 694 1464 quaesunt
722 1381 830 1446 futura
858 1387 928 1465 post
960 1386 1104 1448 mortem.
1144 1385 1210 1450 esto
1219 1376 1261 1442 24

67 1488 174 1572 digitur
205 1486 379 1570 postulatio
410 1485 485 1552 talis
514 1485 655 1550 utilitate
681 1502 742 1549 non
765 1489 883 1550 careat:
914 1485 1066 1568 quomodo
1088 1487 1210 1554 ratione

90 1590 247 1656 subsistit?
281 1589 308 1655 si
337 1588 422 1656 enim
449 1589 523 1654 dens
546 1607 566 1653 a
587 1589 728 1671 respectu
762 1588 855 1654 huius
889 1589 1006 1654 saeculi
1029 1607 1136 1656 curam
1159 1611 1209 1656 re·

91 1695 184 1758 nouat
212 1697 245 1759 ed
274 1691 503 1777 postulantium
533 1690 678 1774 precibus
710 1709 796 1758 aures
825 1710 897 1759 suas
926 1692 1059 1771 claudit,
1094 1696 1210 1774 absque

91 1799 188 1874 dubio,
219 1797 275 1880 qui
300 1814 362 1861 non
385 1794 474 1860 audit
496 1812 552 1864 nos
576 1811 632 1875 pro
655 1794 884 1877 praesentibus,
917 1813 978 1862 uon
1001 1795 1089 1863 audit
1111 1796 1209 1862 etiam

90 1900 291 1984 profuturis,
320 1901 380 1965 nisi
403 1899 482 1964 forta
505 1897 661 1962 oredimus
684 1917 740 1979 pro
762 1917 889 1981 precum
914 1899 1097 1965 diuersitate
1119 1918 1209 1965 aures

68 2021 151 2069 asnaa
174 2003 339 2070 Christum
362 2003 412 2068 uel
428 2000 565 2066 tribuere
588 2002 640 2066 uel
661 2020 783 2086 negare,
806 2003 839 2067 id
863 2005 921 2085 esi,
946 2003 983 2068 ut
1005 2002 1133 2068 claudat
1156 2021 1209 2067 eas

91 2126 149 2172 oum
178 2107 312 2190 rogatur
341 2107 531 2188 praesentia,
563 2105 683 2189 aperiat
706 2123 777 2170 cum
800 2105 915 2172 futura.
953 2107 1007 2172 sed
1030 2107 1067 2172 de
1089 2107 1137 2172 his
1160 2106 1207 2172 di·
1219 2099 1260 2166 25

91 2211 211 2274 cendum
236 2209 372 2292 amplius
395 2228 455 2275 non
479 2213 543 2292 est3
566 2210 632 2274 tem
655 2210 754 2274 stulta
770 2208 853 2274 enirn
868 2209 941 2274 sunt
957 2213 988 2273 et
1004 2209 1207 2288 aminiculo,

92 2317 118 2376 ut
137 2313 314 2379 cauendum
336 2312 390 2395 sit,
418 2311 648 2394 semipsum,
679 2313 760 2394 quod
788 2329 843 2395 pro
869 2312 985 2377 honore
1009 2312 1059 2377 dei
1082 2311 1207 2395 dicitur,

91 2415 193 2480 iniuria
218 2415 270 2481 dei
293 2433 360 2480 essa
390 2415 541 2481 uideatur.
582 2416 673 2480 tanta
700 2416 813 2498 quippe
837 2419 884 2479 est
907 2415 1080 2481 maiestatis
1103 2432 1209 2481 sacrae

70 2521 116 2582 aab
134 2525 201 2585 tarn
225 2519 390 2584 tremenda
411 2517 600 2597 reuerentia,
633 2521 668 2583 ut
691 2535 753 2585 acu
775 2519 876 2585 solum
901 2537 950 2597 ea,
982 2537 1059 2600 quae
1082 2517 1121 2584 ab
1144 2517 1208 2582 illie

92 2626 187 2688 eontra
210 2623 397 2706 religionem
419 2624 582 2699 ditentur,
608 2621 746 2699 horrere,
778 2623 833 2688 sed
856 2624 952 2686 etiam
974 2641 1023 2701 11,
1054 2640 1132 2704 qnae
1154 2641 1208 2705 pro

92 2727 232 2810 religione
267 2743 322 2792 nos
353 2725 415 2808 ipsi
445 2725 589 2804 dicimus,
624 2743 695 2789 cum
716 2725 837 2806 ,grandi
866 2729 954 2790 metu
977 2743 1013 2790 ao
1044 2725 1210 2808 disciplina

92 2829 181 2895 dicere
209 2829 387 2896 debeamus.
423 2827 521 2912 igitur
543 2827 571 2892 si
593 2828 690 2894 stulte
713 2829 806 2910 atque
828 2827 925 2910 impie
946 2828 1099 2906 creditur,
1129 2823 1260 2912 111116

93 2949 186 2998 111111
217 2951 324 2998 rorum
350 2933 560 2998 humanarum
590 2931 691 3014 pietas
721 2931 829 2997 diuina
852 2931 1019 3013 despiciat,
1054 2951 1126 3016 ergo
1149 2951 1209 2998 nou

69 3053 86 3092 a
94 3034 227 3118 despicit:
263 3036 417 3102 siautem
446 3053 509 3101 non
538 3036 685 3118 despicit,
717 3037 814 3120 regit:
846 3035 872 3099 si
895 3035 1001 3102 autem
1023 3036 1121 3119 regit,
1152 3035 1210 3101 hoc

93 3136 149 3218 ipso
170 3142 255 3223 quod
282 3138 364 3222 ragit
393 3137 526 3218 iudicat,
561 3137 634 3220 quia
656 3137 795 3223 regimen
819 3157 887 3204 esse
910 3157 972 3206 uon
994 3138 1113 3222 potest,
1149 3138 1210 3205 nisi

96 3239 176 3307 inerit
200 3241 318 3325 ingiter
340 3243 373 3306 ia
395 3244 514 3308 rectore
536 3240 701 3306 iudicium.

131 3381 178 3446 VI.
204 3379 267 3446 Sed
288 3397 399 3463 parum
421 3399 488 3444 esse
510 3380 642 3445 fortasse
665 3377 821 3462 quispiam
836 3379 936 3460 putet,
961 3381 1043 3461 quod
1057 3379 1115 3445 hoc
1130 3371 1259 3446 ratio27

95 3485 233 3569 declarat,
258 3485 320 3548 nisi
341 3483 488 3566 probetur
503 3481 668 3565 exemplis.
705 3482 868 3547 uideamus
900 3482 1035 3564 qualiter
1057 3487 1209 3548 mnndum

70 3598 110 3650 aa
127 3588 277 3672 principio
300 3590 374 3654 deus
397 3587 519 3665 rexerit,
544 3588 576 3651 et
598 3587 644 3652 ita
659 3604 731 3651 eum
753 3605 874 3668 semper
896 3589 1000 3651 omnia
1022 3586 1210 3669 gubernasse

95 3692 340 3774 monstrabimus,
365 3693 401 3754 ut
422 3690 515 3755 simul
540 3692 634 3754 etiam
656 3691 808 3755 iudicasse
831 3691 1004 3755 doceamus.
1027 3690 1102 3772 quid
1125 3691 1209 3755 euim

139 3968 224 4021 las.
243 3968 261 4023 1.
281 3984 314 4021 m.
333 3972 349 4020 1
366 3967 394 4020 A
496 3965 661 4020 1111111111
679 3967 707 4019 A
810 3965 1079 4021 3inoolomitatibus
1101 3967 1128 4020 Β
1148 3968 1208 4035 pte·

96 4065 200 4122 rompae
302 4055 378 4109 best
395 4053 472 4108 nobis
490 4054 605 4107 fortasse
622 4054 650 4107 Β
753 4054 892 4124 8praeoes
910 4053 937 4106 A
1041 4055 1072 4108 11
1091 4056 1210 4109 remanet

95 4142 117 4191 A
140 4141 212 4208 qaod
237 4142 342 4196 retiano*
366 4145 474 4196 motata
500 4146 627 4209 sequente
653 4139 751 4194 clausit
776 4141 809 4194 11
835 4140 947 4204 1111111111
978 4139 1030 4205 cfr.
1055 4140 1119 4196 Sita.
1143 4141 1208 4195 Ber.

95 4239 118 4292 p.
134 4229 170 4279 24
206 4227 319 4281 remouit
336 4228 364 4281 Β
472 4227 504 4280 17
526 4227 625 4282 friuola
642 4229 681 4282 aic
698 4228 726 4280 A
743 4227 857 4296 11111111
882 4225 981 4280 friuola
998 4226 1026 4280 Β
1043 4228 1142 4296 otique

99 4310 126 4364 11
146 4313 241 4382 grandi
264 4329 297 4369 eor
320 4314 421 4384 1111111
438 4315 466 4368 A
483 4329 552 4370 corr.
571 4316 644 4370 m.2
746 4315 781 4368 14
802 4314 978 4368 humanarum
1001 4331 1091 4368 rerum
1114 4315 1142 4368 Β
