3096 5018
294 416 359 482 262
784 412 940 468 salutant

294 600 514 683 demptionem,
545 601 653 666 demus
675 601 780 666 saltim
804 599 843 664 ad
866 599 1029 664 emendam
1050 597 1289 683 beatitudinem,
1314 599 1341 666 si
1364 619 1426 665 non

292 702 403 769 damus
426 723 465 768 ne
488 704 682 786 damnemur,
705 706 815 768 demus
839 702 945 767 saltim
967 704 1004 767 ut
1026 720 1234 779 muneremur,
1265 704 1341 786 quia
1363 705 1425 770 eti-

293 808 372 872 amsi
394 808 562 889 praeterita
584 806 667 871 mala
691 823 752 869 uon
775 806 839 868 sint
862 823 940 886 quae
962 809 1105 887 oporteat
1119 808 1242 872 sanctos
1259 807 1426 888 redimere,

293 911 368 981 suut
400 911 507 976 tamen
540 908 689 993 perennia
720 909 809 986 bona,
845 925 923 989 quae
950 925 1064 990 magno
1087 909 1222 974 debeant
1245 927 1425 993 conparare,

293 1014 418 1080 etiamsi
441 1031 541 1094 poena
564 1031 625 1076 non
647 1012 689 1078 sit
711 1029 790 1094 quae
811 1011 970 1094 timeatur,
996 1013 1042 1074 est
1064 1012 1170 1076 tamen
1192 1030 1325 1095 regnum
1340 1011 1425 1094 quod
1452 1034 1470 1076 a

294 1115 461 1193 ambiatur,
485 1135 521 1181 ac
535 1136 589 1198 per
604 1117 671 1193 boc,
695 1115 819 1182 etiamsi
835 1133 897 1180 non
913 1114 1028 1179 habent
1043 1116 1144 1180 sancti
1159 1133 1237 1197 quae
1255 1117 1425 1194 redimant,

294 1219 412 1288 habent
448 1221 553 1284 tamen
587 1237 665 1303 quae
698 1221 814 1286 emant,
851 1217 913 1282 nisi
947 1217 1027 1283 sorte
1060 1217 1173 1299 aliquis
1207 1219 1356 1283 damnum
1392 1221 1427 1283 in

295 1324 451 1405 emptione
474 1324 625 1403 uereetur,
649 1320 798 1387 uidelicet
821 1340 858 1385 ne
882 1322 950 1403 plus
975 1323 1150 1386 commodet
1169 1338 1264 1402 quam
1279 1321 1425 1403 recipiat,

294 1444 333 1490 ne
355 1425 485 1509 grandia
507 1425 679 1490 faeneranti
701 1443 797 1507 parua
819 1424 1000 1502 reddantur,
1033 1442 1072 1488 ne
1094 1423 1295 1508 largitionem
1317 1424 1425 1490 redhi-

295 1528 371 1596 bitio
395 1547 455 1594 non
477 1530 628 1611 repenset,
659 1529 690 1592 ct
712 1527 785 1594 data
807 1528 902 1594 semel
931 1528 1026 1609 pretii
1047 1528 1267 1610 magnitudine
1291 1530 1426 1611 pecunia
1439 1554 1470 1593 ru

294 1632 488 1716 periclitetur
509 1634 666 1713 emptoris,
691 1650 727 1696 ao
748 1632 776 1697 si
798 1650 950 1715 maguum
966 1631 1040 1714 quid
1057 1633 1180 1698 domino
1197 1632 1427 1698 commendarit

295 1739 328 1804 in
350 1741 442 1815 terra,
467 1754 527 1800 non
552 1735 663 1800 lrabeat
685 1733 828 1800 (lhristus
853 1734 985 1800 forsitan
1007 1735 1088 1800 undo
1106 1734 1133 1800 ei
1149 1736 1253 1800 soluat
1276 1734 1309 1798 in
1327 1735 1425 1799 caelo.

241 1832 397 1922 bbplane,
426 1839 454 1904 si
477 1839 538 1904 ista
566 1837 718 1904 dubitatio
742 1840 798 1915 est,
826 1837 893 1902 fieri
922 1836 1002 1902 nibil
1023 1841 1147 1921 suadeo,
1177 1839 1250 1920 quia
1272 1855 1330 1902 nee
1352 1857 1426 1921 pro·

294 1944 367 2010 sunt
389 1942 513 2008 omnino
537 1942 603 2006 ulla
624 1941 792 2012 dubitanti.
823 1957 912 2006 cassa
934 1942 1047 2023 quippe
1063 1945 1110 2006 est
1127 1941 1275 2025 operatio,
1299 1941 1326 2005 si
1349 1940 1427 2006 fides

295 2047 380 2114 certa
401 2063 462 2110 non
484 2045 586 2122 fuerit,
620 2043 737 2111 frustra
759 2042 898 2108 lacuerat
925 2043 979 2126 qui
1006 2045 1043 2109 de
1072 2048 1245 2128 receptione
1273 2046 1426 2127 desperat.
1439 2069 1467 2109 rs

296 2147 437 2216 Christus
459 2146 552 2224 enim,
575 2146 612 2212 ut
634 2145 799 2230 credimus,
830 2145 985 2212 factorum
1007 2149 1147 2214 omnium
1170 2146 1344 2214 retributor
1367 2151 1426 2212 est.

295 2255 322 2318 ai
345 2270 417 2336 ergo
440 2252 496 2318 aut
524 2251 647 2332 inopem
671 2269 751 2333 eum,
781 2250 835 2332 qui
857 2249 1028 2318 retribuere
1059 2271 1121 2318 non
1150 2251 1259 2335 possit,
1290 2256 1346 2318 aut
1376 2252 1426 2317 iu·

296 2355 421 2422 fidelem
452 2354 544 2437 putas
574 2373 652 2442 esse,
684 2355 737 2436 qui
767 2353 855 2429 nolit,
886 2358 1037 2434 quomodo
1066 2359 1105 2421 ab
1128 2374 1164 2420 eo
1186 2355 1429 2420 retributionem

296 2477 419 2541 sperare
443 2459 576 2543 poteris,
608 2477 699 2541 quem
729 2459 761 2522 et
789 2457 1042 2540 inpossibilitatis
1073 2462 1104 2523 et
1131 2458 1327 2526 infidelitatis
1358 2459 1427 2540 ipse

245 2556 518 2630 bbdamnaueris?
551 2563 633 2645 quod
660 2562 689 2626 si
718 2581 780 2628 non
804 2562 850 2626 ite
872 2563 920 2628 est
942 2580 1002 2626 neo
1022 2563 1156 2646 ambigis
1180 2563 1335 2627 facturum
1361 2581 1470 2626 esseae

297 2686 375 2750 quae
398 2667 485 2743 dixit,
516 2685 592 2748 quac
616 2665 794 2746 insipientia
816 2669 871 2730 aut
892 2665 947 2747 qui
970 2685 1053 2731 error
1076 2669 1132 2745 ost,
1160 2670 1196 2731 ut
1219 2684 1280 2730 nou
1303 2666 1331 2731 ei
1356 2667 1428 2730 tan·

297 2771 366 2834 tum
395 2768 448 2834 des
479 2771 628 2851 quantum
658 2771 761 2852 potos,
792 2787 863 2834 cnm
893 2769 1003 2851 utique
1033 2787 1095 2834 nou
1123 2769 1248 2834 dubites
1272 2770 1372 2834 multo
1395 2771 1429 2834 te

297 2871 368 2954 plus
391 2873 589 2954 recepturum
611 2889 679 2938 esse
701 2890 795 2956 quam
818 2871 961 2938 dederis?
985 2891 1062 2954 quae
1077 2875 1206 2956 denique
1229 2875 1365 2951 miseria,
1390 2878 1429 2937 ut

298 2975 392 3041 malis
415 2975 496 3040 nibil
518 2994 554 3040 er
576 2974 624 3042 his
647 2975 783 3060 recipere
805 2993 885 3057 quae
907 2974 1068 3058 relinquis,
1101 2994 1172 3040 cum
1202 2977 1303 3041 totum
1328 2975 1428 3057 possis

297 3079 422 3161 penitus
452 3077 624 3159 possidere
640 3079 722 3160 quod
753 3079 875 3144 credis?
909 3078 971 3156 sed,
998 3079 1146 3146 miserum
1170 3083 1234 3145 mel
1269 3083 1343 3162 pute
1366 3097 1428 3143 non
1441 3105 1472 3146 ar

299 3182 437 3247 creditur
468 3182 534 3249 deo.
573 3185 603 3246 et
632 3182 713 3264 quod
745 3182 812 3246 dico
841 3182 927 3262 puto,
959 3183 1085 3248 utinam
1113 3185 1257 3266 ambigue
1283 3182 1429 3265 putarem

277 3287 332 3372 „et
361 3304 420 3350 non
454 3285 615 3350 euidenter
645 3302 849 3368 agnoscerem.
895 3283 1071 3351 laborarem
1101 3286 1233 3354 fortasse
1264 3285 1349 3350 intra
1377 3303 1429 3349 me

252 3389 256 3396 “
298 3389 422 3454 uincere
445 3388 601 3471 opiniones
623 3407 708 3454 meas
731 3394 762 3453 et
785 3407 926 3471 cogerem
947 3408 1076 3454 sensum
1099 3391 1194 3456 dubia
1217 3387 1429 3467 nonoredere,

245 3488 335 3580 tout
364 3494 501 3556 mentem
535 3489 717 3560 melioribus
750 3491 949 3577 applicarem.
989 3495 1043 3558 sed
1074 3495 1148 3576 quid
1181 3493 1329 3578 agimus?
1366 3511 1430 3557 non

299 3592 403 3659 dubiis
433 3596 524 3659 rebus
555 3594 709 3659 uincimur
732 3598 763 3658 et
791 3594 991 3660 euidentibus
1021 3599 1207 3661 coartamur.
1246 3597 1313 3677 quis
1344 3595 1473 3660 enimse

299 3696 423 3762 domino
446 3700 549 3762 mente
573 3698 671 3765 credit
693 3700 723 3762 et
746 3697 897 3784 facultate
913 3717 975 3763 non
989 3699 1111 3762 credit?
1134 3699 1202 3782 quis
1220 3699 1276 3764 deo
1290 3698 1431 3766 animam

354 3919 366 3972 l
387 3920 415 3972 et
432 3918 449 3971 2
467 3918 564 3971 saltem
582 3934 617 3972 ex
635 3919 726 3973 saltim
745 3935 816 3974 corr.
836 3936 869 3974 m.
888 3923 908 3974 2
925 3921 952 3974 A
1056 3921 1073 3973 9
1096 3919 1244 3974 faeneranti
1262 3919 1318 3972 AB
1338 3923 1374 3984 (et
1392 3919 1434 3973 sic

298 4004 359 4072 {bre
376 4005 476 4074 abique
492 4005 524 4060 da
542 4006 591 4062 boc
609 4006 691 4060 ambo
709 4011 735 4059 et
753 4004 900 4074 amantor)
1009 4005 1136 4060 redibitio
1154 4005 1210 4059 AB
1314 4011 1432 4059 eommo-

298 4090 372 4145 derit
380 4101 415 4158 123
444 4091 478 4157 of.
494 4106 523 4159 p.
539 4093 603 4158 269,
615 4095 649 4146 21
735 4091 787 4146 ..14
804 4091 922 4148 fidescrr
940 4090 1003 4146 fidis
1020 4107 1091 4146 corr.
1108 4095 1176 4146 nat
1193 4091 1249 4145 AB
1354 4090 1388 4144 15
1405 4093 1435 4144 et

299 4176 401 4234 frasne
418 4177 445 4232 B
464 4179 501 4242 (et
513 4193 564 4232 om.
576 4179 617 4240 A„
630 4178 704 4246 pand
716 4177 861 4233 Haterium
872 4177 956 4246 sapit)
1043 4177 1161 4246 disparat
1172 4177 1227 4232 AB
1320 4175 1354 4230 20
1371 4192 1433 4230 eum

299 4260 434 4318 iacturum
453 4262 494 4318 ed.
511 4261 670 4324 aanor
731 4260 861 4330 ‘24'hisl
885 4262 925 4316 eie
948 4261 988 4316 cd.
1009 4262 1144 4318 Batauam
1245 4262 1279 4316 31
1303 4261 1356 4316 dn'o
1373 4277 1394 4316 a
1415 4262 1435 4315 l.

300 4348 497 4404 m.1add.A
788 4383 790 4390 =
