3068 5012
253 403 318 472 234
741 351 898 454 struatur

254 592 370 673 anim,
399 590 518 672 inquit,
547 591 678 656 omnia
700 588 738 654 in
761 589 974 655 uoluntate
996 605 1154 671 operum
1174 583 1382 655 bonorum:

252 693 310 760 hos
337 696 394 776 est,
424 696 464 761 ad
491 693 553 760 hoo
580 692 658 761 feeit
680 691 822 761 homiues
842 691 1019 766 substantia
1041 707 1108 765 asse
1135 688 1319 773 locupletes,
1346 690 1385 759 ut

253 797 335 862 bona
362 798 542 880 operatione
570 797 637 864 sint
651 794 797 874 diuites,
824 794 859 858 id
881 796 988 861 estut
1017 793 1212 860 eommutent
1241 791 1393 882 diuitias,

253 918 329 982 quas
363 904 558 982 aeceperunt,
582 901 617 970 et
637 897 807 965 faoultatas
828 896 913 977 ipsas
935 896 968 969 in
991 893 1081 962 bonis
1111 895 1252 978 operibus
1275 893 1383 960 oonlo·

253 1006 360 1070 oantes
383 1002 434 1068 dei
456 1021 536 1086 opes,
560 1019 638 1084 quas
659 999 777 1073 babent
799 999 833 1067 in
852 998 910 1064 hoo
925 999 1048 1067 sasonlo
1069 998 1283 1082 temporarias,
1305 998 1383 1068 bena
1405 1017 1422 1059 e
1530 1046 1533 1058 .

252 1106 369 1171 utendo
402 1106 522 1172 faoiant
549 1103 768 1186 sempiternas,
802 1120 839 1168 aa
868 1102 915 1166 sie
944 1104 1147 1184 egnoaoentes
1177 1119 1307 1169 munera
1334 1101 1384 1166 dei

254 1206 374 1289 duplioi
402 1207 483 1277 bono
510 1207 677 1292 gaudeant,
707 1225 780 1272 oum
809 1207 862 1289 qui
891 1207 966 1273 suut
988 1204 1101 1272 diuites
1123 1203 1158 1268 in
1179 1202 1241 1280 boo
1261 1203 1383 1278 saeeulo

253 1329 319 1377 esse
342 1327 463 1394 quoque
486 1309 601 1379 diuites
623 1312 801 1374 mereantur
823 1308 857 1372 in
879 1309 975 1372 eaelo.

200 1432 242 1498 31
296 1429 371 1494 VII.
407 1429 457 1495 Sio
491 1448 563 1513 ergo
596 1430 754 1494 hauendae
787 1433 861 1492 sunt
894 1427 1024 1494 diuitiae
1057 1427 1102 1492 sia
1135 1427 1303 1510 petendae,
1338 1424 1384 1491 sio

71 1518 77 1532 ’
252 1535 404 1598 tenendae
425 1532 470 1598 siu
499 1530 732 1615 propagandae:
766 1531 903 1614 alioquin
933 1530 1164 1596 inaestimabile
1191 1531 1310 1599 malum
1336 1532 1423 1597 esteo
1532 1565 1533 1602 2

252 1636 342 1708 bouis
357 1653 376 1703 a
391 1636 449 1701 deo
464 1635 547 1702 datis
564 1652 626 1701 non
641 1635 721 1698 bene
745 1634 806 1714 uti;
831 1652 947 1701 auaro
971 1634 1088 1720 enim,
1111 1633 1216 1716 inquit
1230 1631 1385 1717 seriptma

179 1793 181 1804 .
251 1757 348 1817 saera,
370 1738 555 1812 nihilost
577 1737 812 1814 scelestius,
843 1738 875 1802 et
902 1736 1073 1818 pessimum
1096 1754 1133 1802 ao
1159 1735 1385 1802 feralissimum

250 1841 354 1906 morbi
376 1840 619 1925 genus-diuitiae
635 1842 835 1904 conseruatae
858 1841 891 1902 iu
913 1839 1035 1904 malum
1049 1840 1168 1904 domini
1183 1837 1241 1904 sui.
1272 1855 1382 1903 uerum

251 1945 307 2010 est.
346 1944 421 2026 quid
451 1943 533 2008 enim
563 1944 651 2024 peius
674 1945 730 2007 aut
752 1945 826 2025 quid
849 1943 1002 2020 miserius,
1032 1960 1127 2025 quam
1150 1942 1177 2008 si
1200 1941 1270 2023 quis
1292 1960 1383 2023 prae·

251 2047 353 2112 sentia
379 2045 461 2112 bona
488 2047 522 2109 in
544 2047 629 2110 mala
658 2045 765 2110 futura
785 2047 959 2122 tonuerint,
989 2049 1020 2110 et
1044 2063 1122 2127 quae
1145 2047 1184 2114 ad
1206 2044 1265 2111 hoo
1286 2061 1305 2108 a
1326 2045 1383 2110 deo
1393 2069 1420 2111 rs

251 2150 327 2217 dats
349 2155 433 2226 sunt,
463 2152 499 2211 ut
523 2151 685 2229 pararetur
709 2166 746 2212 ex
768 2147 813 2212 eis
836 2149 921 2214 uiue
950 2148 1111 2215 beatitudo
1139 2149 1299 2230 perpetua,
1328 2165 1383 2230 per

201 2253 327 2318 32haeo
352 2253 421 2334 ipsa
447 2252 616 2334 quaeratur
645 2268 729 2316 mors
758 2268 795 2314 ae
822 2252 980 2316 damnatio
1008 2249 1224 2333 sempiterna?
1261 2252 1293 2316 in
1322 2267 1383 2331 quo

252 2361 283 2420 et
311 2355 391 2420 illud
419 2354 676 2419 considerandum
706 2353 797 2436 quod,
831 2352 858 2416 si
884 2355 1024 2418 seruatae
1046 2353 1178 2427 diuitiae
1200 2357 1239 2420 ad
1262 2353 1385 2419 malum

250 2458 387 2524 hominis
411 2461 642 2540 demereantur,
666 2459 781 2538 quanto
803 2456 912 2537 utique
935 2456 976 2521 ad
998 2455 1099 2522 maius
1121 2456 1241 2526 malum
1264 2473 1384 2525 ooaoer·

250 2565 374 2627 uantur.
414 2562 526 2644 quotue
549 2561 635 2627 enim
658 2560 789 2640 quisque
817 2577 898 2622 nuno
922 2557 1058 2624 diuitum
1081 2563 1187 2625 tantae
1210 2564 1259 2625 est
1281 2561 1420 2627 ronti-ro

251 2665 384 2748 nuntiae,
414 2664 469 2745 qui
491 2681 562 2743 opes
593 2660 747 2732 custodiro
777 2665 940 2726 contentus
970 2661 1170 2726 adcumulare
1193 2661 1257 2727 iam
1280 2663 1384 2727 nolit?

251 2767 418 2831 omiseris
450 2765 602 2846 temporis
626 2767 659 2828 et
681 2765 911 2831 ecclesiastieae
944 2763 1053 2845 plebis,
1089 2764 1129 2830 ad
1152 2765 1227 2846 quid
1257 2766 1383 2831 redacta

251 2872 313 2934 est!
345 2867 401 2932 ubi
423 2885 496 2932 enm
518 2868 671 2950 seriptum
693 2867 745 2942 sit,
769 2867 850 2950 qnod
866 2885 989 2932 seruare
1005 2883 1077 2948 opes
1093 2884 1193 2950 genus
1211 2866 1253 2931 sit
1275 2868 1385 2950 magni

199 2969 402 3046 bdoriminis,
436 2988 497 3038 non
527 2989 642 3054 augere
672 2970 736 3045 iarn
758 2989 856 3053 genus
885 2969 1016 3052 putatur
1038 2987 1105 3034 esse
1128 2971 1264 3039 uirtutis.
1300 2988 1383 3056 ergo,

251 3076 287 3139 ut
309 3091 403 3156 supra
425 3072 570 3152 diximus,
598 3092 658 3157 quo
681 3073 771 3138 modo
794 3091 827 3136 se
850 3073 979 3154 quidam
1000 3090 1069 3138 reos
1092 3072 1217 3138 omuino
1240 3090 1302 3137 non
1324 3091 1422 3154 puae

251 3180 332 3255 tant,
356 3176 384 3241 si
406 3194 463 3242 nee
485 3178 518 3245 in
540 3181 640 3242 morte
662 3175 790 3242 sibimet
816 3194 873 3256 per
895 3175 1159 3258 dispensationem
1187 3175 1382 3244 substantiae

252 3280 472 3363 consuluerint,
496 3300 568 3346 rum
590 3282 685 3346 etiam
699 3298 735 3343 ex
750 3280 808 3345 hoo
823 3281 868 3344 rei
883 3279 959 3363 sint,
983 3282 1064 3363 quod
1081 3297 1178 3361 usque
1193 3279 1234 3347 ad
1249 3282 1381 3346 mortem

252 3386 365 3450 anneta
387 3383 602 3449 seruauerint?
639 3385 695 3448 aut
717 3401 777 3465 quo
799 3385 890 3448 modo
912 3383 959 3448 rei
985 3400 1047 3448 non
1077 3386 1178 3467 erunt,
1209 3384 1261 3464 qui
1284 3381 1385 3448 laeui·

251 3486 334 3550 tatos
371 3503 445 3555 suas
482 3489 520 3552 ad
557 3503 766 3568 quoscumque
808 3484 948 3551 homines
990 3483 1205 3550 infidelissima
1242 3487 1384 3552 uanitate

354 3659 386 3712 11
406 3657 505 3712 Eooles.
526 3657 567 3724 10,
585 3658 602 3711 9

302 3815 319 3868 4
347 3814 526 3883 conlocantes]
557 3813 742 3868 eonouloantes
772 3829 920 3882 operosam
947 3827 1040 3868 errore
1066 3811 1144 3881 opud
1168 3812 1314 3867 Halmium

250 3900 267 3954 9
285 3900 422 3956 hausndae
440 3916 501 3956 oum
520 3899 548 3955 J.
562 3901 677 3970 Moyseo
694 3900 842 3956 Halmius:
862 3898 998 3956 habendae
1015 3898 1072 3956 AB
1167 3898 1201 3952 13
1214 3903 1278 3967 post
1296 3897 1383 3955 morbi

249 4002 272 4041 a.
287 3987 304 4042 l.
322 3986 386 4041 odd.
406 4002 492 4056 genus
508 3989 576 4042 Μ
593 3989 635 4050 Ar
662 4002 732 4054 erup
749 3987 851 4055 rmsptt
864 3986 1048 4054 solidatos,
1074 3985 1258 4051 autfertum
1275 3986 1318 4042 etl
1336 4000 1382 4039 ere·

249 4073 316 4129 otds't
329 4079 355 4128 at
368 4072 448 4132 Salo,
462 4073 576 4141 scripsit
589 4074 616 4126 in
630 4072 689 4128 orbi
699 4073 746 4128 ael
756 4073 833 4136 orba;
850 4073 995 4141 pessimum
1008 4073 1082 4134 oraim
1093 4072 1156 4131 uoci
1165 4072 1258 4126 amisa
1268 4087 1383 4140 reapon-

249 4158 295 4214 det
312 4159 377 4228 quid
395 4158 466 4214 anim
484 4159 561 4227 peius
584 4160 621 4225 at.
642 4159 687 4214 VI
702 4161 754 4214 72:
778 4160 808 4216 iu
830 4159 883 4214 alio
907 4159 970 4212 orbe
993 4161 1096 4215 remota
1114 4163 1141 4212 et
1159 4156 1226 4212 lad.
1243 4156 1301 4213 111
1313 4170 1334 4210 s.
1352 4171 1381 4210 ro.

249 4245 321 4300 orbis
416 4245 447 4298 17
465 4244 622 4314 dampnatio
640 4245 668 4297 B
759 4243 794 4306 22
811 4244 975 4303 subsistioaa
992 4244 1019 4298 Δ
1111 4241 1145 4298 24
1162 4257 1216 4297 non
1234 4241 1383 4300 ἀοῐιηάαηι

249 4330 372 4386 censebor
388 4330 592 4387 Ritteralram
690 4329 724 4384 27
741 4345 794 4398 quo
811 4345 894 4398 usque
910 4329 939 4383 B
1036 4329 1071 4384 28
1092 4332 1267 4384 seruauerunt
1286 4328 1313 4383 Β
