3068 5012
285 431 347 496 166
772 424 931 480 Saluiani

285 614 396 682 rehcl
418 618 456 682 et
479 614 609 680 dicet:
633 614 730 679 meis
752 614 910 680 uiribus
933 613 1128 680 liberatus
1151 633 1242 682 sum.
1279 615 1419 694 audiant,

166 757 170 766 ·
284 719 430 802 inquam,
465 717 523 784 hoc
556 735 664 783 omnes
698 717 833 800 improbi
862 717 992 784 audient
1021 735 1128 783 omnes
1157 717 1418 802 praesumptuosi,

285 821 416 888 audiant
438 823 654 904 praepotentes
678 822 807 887 audient
833 819 938 886 cuncti
960 822 1034 903 quid
1050 822 1124 886 deus
1142 819 1234 886 dicit:
1261 821 1313 887 ‘no
1336 822 1419 904 glo·

282 923 417 990 tietur'
440 925 544 1007 inquit
569 925 716 990 ‘contra
738 923 973 990 meIsrahel
996 927 1034 988 et
1059 924 1180 990 dicet:
1203 924 1299 989 meis
1320 924 1419 988 uiri-

282 1029 356 1096 bus
385 1030 585 1096 liberetus
615 1027 720 1094 sum'.
1442 1047 1459 1089 s

229 1161 273 1230 34
325 1162 431 1232 VIIII.
463 1166 617 1248 Audierit,
652 1165 801 1249 inquam,
836 1182 941 1229 omnes
976 1163 1134 1230 contraria
1168 1168 1199 1230 ct
1232 1165 1419 1247 blasphema

282 1269 446 1350 iactantes,
471 1269 602 1333 audient
623 1267 700 1332 hoec
723 1287 811 1352 spem
835 1285 923 1331 suam
939 1267 972 1331 in
986 1266 1112 1332 homine
1138 1268 1297 1350 ponentes.
1331 1267 1418 1350 loqui

281 1371 441 1437 uniuersos
465 1372 632 1435 aduersum
654 1389 686 1436 se
710 1373 785 1436 deus
808 1369 895 1448 dicit,
920 1371 973 1452 qui
996 1369 1126 1435 liberari
1149 1389 1181 1436 se
1204 1371 1326 1436 uiribus
1351 1372 1418 1436 suis

229 1552 231 1562 A
281 1493 373 1566 posse
396 1475 611 1558 praesumunt.
636 1474 705 1556 quis
722 1477 829 1538 eutem
853 1474 900 1538 est
915 1473 1126 1539 Romanorum
1150 1474 1272 1541 nonita
1288 1473 1418 1540 dicens?

281 1577 350 1661 quis
379 1580 426 1644 est
455 1596 517 1643 non
549 1578 595 1643 ita
628 1577 791 1642 sentiens?
837 1576 906 1660 quis
939 1579 1064 1642 nostrae
1097 1577 1196 1661 partis
1225 1597 1287 1644 non
1321 1595 1458 1662 propero

279 1681 397 1766 iugiter
419 1683 451 1746 in
474 1681 533 1747 hec
556 1679 645 1763 parte
667 1679 888 1764 blasphemet?
910 1681 1012 1746 nullas
1036 1699 1103 1746 esse
1126 1681 1190 1747 iem
1212 1667 1417 1762 reipublicae

280 1786 364 1852 uires
387 1787 528 1851 omnium
550 1785 741 1850 conscientie
764 1789 827 1866 cst,
857 1788 888 1850 ot
917 1804 955 1849 ue
978 1785 1025 1873 sic¹
1049 1783 1174 1868 quidem
1205 1784 1416 1868 egnoscimus,

227 1884 369 1955 35cuius
385 1888 444 1953 hoc
459 1887 630 1966 beneficiis,
654 1889 735 1970 quod
751 1886 854 1953 adhuc
869 1887 1018 1966 uiuimus,
1042 1888 1222 1953 debeamus·
1244 1887 1271 1951 si
1295 1887 1416 1970 quando

223 1975 226 1986 “
281 1995 363 2057 enim
386 1990 477 2056 nobis
499 1991 640 2074 prosperi
663 1991 782 2074 aliquid
805 1990 929 2073 praeter
952 2008 1041 2072 spem
1055 1991 1196 2056 nostrum
1219 1992 1250 2054 et
1265 1991 1417 2055 meritum

280 2097 357 2160 deus
379 2094 501 2175 tribuit,
525 2093 606 2158 alius
629 2092 687 2159 hoc
717 2091 867 2158 adscribit
890 2093 1032 2158 fortunae
1056 2092 1137 2158 alius
1160 2092 1303 2172 euentui‚
1333 2093 1457 2158 aliusrs

279 2198 466 2264 ordinationi
489 2195 611 2263 ducum
630 2197 709 2263 alius
732 2197 872 2276 consilio,
898 2198 978 2263 alius
997 2196 1180 2278 magisterio
1203 2197 1284 2262 alius
1307 2199 1414 2279 patro-

261 2301 371 2381 cinio,
392 2301 498 2366 nullus
515 2301 580 2366 deo.
608 2303 640 2364 et
663 2300 825 2379 miramur,
850 2301 876 2364 si
899 2299 988 2365 nobis
1013 2299 1155 2364 caelestis
1178 2318 1289 2364 manus
1308 2301 1416 2384 eliqua

279 2425 341 2473 non
363 2408 512 2491 praestet,
542 2405 592 2469 cui
615 2403 762 2487 quicquid
785 2403 981 2485 praestiterit
1003 2403 1201 2488 derogemus.
1233 2405 1306 2486 quid
1331 2406 1415 2468 enim

280 2507 367 2575 aliud
390 2507 538 2590 fecimus,
572 2527 643 2572 cum
672 2506 769 2587 bone,
800 2524 878 2589 quae
905 2507 1062 2590 praestet,
1092 2525 1147 2571 uos
1169 2506 1227 2596 ‚uel
1250 2508 1415 2572 ouantibus

280 2631 410 2678 casuum
436 2611 488 2677 uel
516 2609 690 2675 uirtutibus
719 2612 833 2675 ducum
860 2611 913 2676 uel
941 2610 1187 2693 quibuscumque
1221 2610 1291 2676 aliis
1322 2614 1454 2678 rebuseo

226 2711 406 2782 36friuulis
430 2715 640 2796 deputamus?
684 2713 743 2777 hoc
765 2711 848 2778 enim
878 2715 969 2778 modo
993 2717 1024 2779 et
1047 2714 1140 2780 terris
1171 2732 1226 2780 nos
1257 2717 1415 2797 oporteret

279 2818 399 2906 gratias
434 2835 525 2902 egere
560 2817 640 2899 quod
673 2815 780 2900 fruges
811 2834 929 2882 annuas
959 2817 1107 2883 metimus
1137 2820 1169 2882 et
1197 2818 1299 2882 uineis
1331 2819 1414 2900 quod

280 2921 517 2998 uindemiemus,
542 2925 574 2985 et
596 2922 676 2986 mari
699 2921 781 3004 quod
802 2922 902 3003 pisces
920 2923 1058 3004 cepimus
1075 2926 1107 2986 et
1122 2923 1211 2986 siluis
1227 2921 1308 3005 quod
1327 2921 1414 3006 ligna
1523 2907 1525 2918 ’

281 3025 453 3106 caedimus,
484 3027 515 3088 ot
544 3023 655 3088 ouibus
678 3024 759 3105 quod
782 3027 869 3088 ueste
893 3024 1029 3108 tegimur
1052 3028 1084 3089 et
1107 3023 1275 3110 pecudibus
1300 3023 1413 3088 ceteris

277 3109 475 3213 'quodcerne
498 3130 687 3193 saturamur.
725 3145 798 3192 nam
821 3145 899 3209 quae
922 3128 1002 3193 ratio
1025 3130 1087 3208 est,
1118 3130 1153 3192 ut
1176 3129 1204 3192 ei
1226 3147 1280 3210 pro
1303 3147 1452 3195 mune-ss

276 3231 364 3296 ribus
394 3229 464 3296 aliis
492 3230 575 3315 grati
597 3247 662 3296 esse
691 3229 843 3310 uelimus,
874 3231 924 3296 cui
953 3231 1161 3297 maximorum
1192 3231 1413 3297 beneficiorum

277 3353 405 3400 suorum
434 3335 568 3418 gratiam
600 3336 809 3417 derogemus?
849 3337 904 3400 aut
937 3335 1006 3418 quis
1041 3337 1204 3402 contentus
1239 3337 1286 3401 ost
1318 3335 1411 3401 homo

330 3604 467 3660 luiribus
485 3607 551 3660 meis
568 3607 596 3661 Β
692 3609 792 3663 borota
809 3609 919 3678 inquam
936 3626 971 3663 m.
989 3625 1042 3665 rac.
1061 3610 1126 3666 cdd.
1146 3611 1196 3664 hoc
1213 3610 1241 3664 A
1339 3609 1411 3664 blas-

276 3699 372 3770 pheme
398 3715 431 3755 ec
457 3699 624 3772 blasphemia
651 3703 679 3757 A
706 3695 786 3760 cort.¹
802 3721 836 3758 m.
855 3707 886 3762 2:
917 3704 1083 3773 blasphemie
1111 3705 1139 3759 Β
1166 3705 1203 3776 (et
1228 3705 1283 3771 Tu
1313 3705 1377 3760 ioco
1400 3704 1411 3756 i

277 3797 357 3862 eros.)
454 3793 565 3850 tsuam
584 3796 666 3850 etiem
683 3798 713 3851 in
729 3796 763 3852 Β
858 3797 891 3851 11
909 3797 964 3852 iam
982 3815 1040 3852 esse
1059 3799 1087 3853 Β
1183 3801 1216 3855 12
1233 3799 1413 3854 conscientiae

273 3891 317 3976 'cst
334 3889 390 3947 AB
408 3889 582 3958 (conscientie
600 3907 634 3948 ec
652 3893 813 3962 conscientie
830 3909 901 3949 corr.
919 3897 946 3959 o)
1044 3895 1087 3966 ne]
1106 3910 1155 3950 noc
1171 3895 1199 3949 Β
1301 3893 1334 3950 14
1351 3909 1411 3963 pro-

275 3999 351 4054 spere
367 3983 396 4038 A
490 3983 523 4040 15
540 3984 589 4040 hoc
600 3985 731 4044 emerit&
749 3987 1053 4058 (marbaceimt)
1066 3990 1106 4043 A:
1123 3989 1235 4044 ascribit
1246 3989 1296 4043 hoc
1313 3987 1341 4041 Β

275 4078 308 4137 16
326 4078 494 4137 ordinatione
511 4079 567 4134 AB
583 4079 632 4136 aad
649 4081 676 4136 A
693 4097 763 4138 corr.
781 4097 816 4136 ue
831 4082 864 4136 ior
881 4083 910 4136 ni
1012 4083 1146 4152 magistro
1163 4084 1219 4138 AB
1239 4083 1290 4138 ‘ooo
1307 4082 1410 4150 magis-

273 4171 370 4232 terror
392 4173 523 4230 Heledus
540 4179 613 4230 recta
715 4177 748 4228 21
773 4175 883 4230 tributis
903 4192 988 4245 reaper
1005 4178 1023 4231 b
1040 4193 1092 4232 scr.
1109 4195 1144 4235 m.
1163 4181 1183 4232 2
1200 4195 1218 4232 ιι
1235 4179 1275 4233 A:
1303 4176 1411 4232 friuolis

274 4265 302 4320 Β
361 4301 364 4306 -
405 4267 439 4322 22
464 4271 595 4322 meminus
618 4285 653 4324 ec
675 4271 802 4324 metimur
826 4274 852 4325 et
876 4271 1072 4330 uindemismus
1096 4287 1130 4326 ec
1153 4272 1268 4329 uindim.
1290 4271 1319 4326 A
1336 4285 1408 4325 corr.

272 4374 306 4414 m.
325 4362 346 4415 2
449 4361 484 4417 25
509 4363 583 4419 cami
600 4364 628 4418 A
651 4361 723 4420 idam
740 4364 834 4420 statim
850 4379 940 4436 namq:
959 4371 985 4423 ct
1003 4367 1128 4420 uellimus
1146 4367 1195 4422 ott.
1213 4367 1224 4420 l
1239 4372 1336 4435 pocot
