3036 5004
459 373 496 428 de
513 372 650 442 gubern.
668 371 721 426 dei
744 371 783 428 VI
805 371 948 436 §ao-33.
1204 373 1267 438 133

130 565 270 646 uobis,
294 562 360 646 qui
382 562 542 642 ridetis,
566 561 746 644 quoniam
768 559 934 627 flebitis.
972 561 1019 626 et:
1048 559 1176 639 beati,
1200 561 1265 642 qui

130 665 272 747 fletis,
304 667 490 749 quoniam
519 659 724 732 ridebitis.
762 663 851 730 nobis
879 665 984 730 autom
1011 663 1112 729 ridere
1134 663 1167 728 et
1189 681 1265 747 geu·

131 759 213 834 dore
237 785 298 835 non
320 768 448 847 suffieit,
480 767 542 835 nisi
565 784 636 833 oum
657 765 784 850 peoooto
811 768 905 850 atqua
932 767 965 831 in
987 765 1110 832 insania
1131 768 1266 849 gaudee·

131 889 221 948 mus,
245 871 305 935 nisi
326 873 407 936 risus
430 872 534 937 noster
555 869 789 953 impuritatibus
813 870 873 935 nisi
894 868 1023 954 flagitiis
1046 869 1221 936 miseeatur.

101 1013 122 1054 s
180 989 240 1057 Vi.
274 991 341 1072 uui,
364 1009 447 1076 rogo,
477 989 527 1057 hio
550 1009 632 1056 error
655 991 712 1070 est,
743 1007 820 1071 quae
843 988 1006 1055 stultitia?
1026 987 1178 1071 numquid
1200 988 1319 1059 lae-30

130 1093 204 1158 tari
225 1094 350 1161 assidue
373 1095 404 1158 et
425 1094 524 1160 ridere
540 1112 602 1158 nou
624 1097 799 1176 possumus,
823 1091 883 1157 nisi
898 1090 1000 1158 risum
1015 1095 1156 1156 nostrum
1172 1093 1265 1174 atque

130 1195 296 1262 laetitiam
318 1197 418 1262 scelus
441 1215 507 1261 esse
526 1195 700 1261 iaciamus?
723 1213 763 1260 an
778 1195 859 1260 forte
874 1195 1100 1260 infructuosum
1116 1196 1264 1277 putamus
1379 1173 1387 1200 ‘

131 1301 288 1382 gaudium
311 1301 440 1382 simplex
461 1317 519 1364 neo
541 1297 676 1365 deleotat
693 1298 792 1363 ridere
807 1297 874 1363 sine
890 1295 1041 1363 erimine?
1064 1297 1156 1379 quod,
1180 1313 1264 1380 rogo,
1368 1299 1369 1306 ’

131 1403 199 1467 hoc
219 1404 338 1468 malum
361 1406 408 1467 est
432 1402 487 1466 out
509 1403 562 1484 qui
591 1401 701 1465 furori
737 1401 904 1480 rideamus,
934 1416 1059 1484 quaeso,
1093 1398 1266 1482 quamlibet

88 1505 377 1572 uoinmensuratim
400 1499 563 1572 'laetemur
580 1503 583 1508 ’
598 1505 769 1585 quemlibet
806 1505 938 1588 iugiter,
976 1505 1142 1570 dummodo
1176 1505 1265 1568 inno·

131 1610 254 1674 center.
293 1621 373 1690 quae*
391 1607 536 1672 uecordia
558 1610 606 1671 est
629 1608 660 1671 et
682 1607 827 1683 amentia,
857 1609 892 1671 ut
915 1623 975 1671 non
997 1591 1144 1688 putemus
1167 1595 1265 1670 risum

124 1713 165 1788 ,et
191 1709 342 1794 gaudium
365 1709 446 1775 tanti
469 1727 547 1788 esso,
570 1710 633 1774 nisi
654 1709 687 1774 in
710 1727 743 1774 se
766 1709 817 1773 dei
840 1708 984 1775 habuerit
1012 1709 1184 1774 iniuriam?
1216 1709 1265 1773 in-

130 1813 255 1878 iuriam
290 1813 399 1895 utique
431 1817 463 1878 et
500 1813 625 1895 quidem
661 1813 841 1877 maximum.
886 1813 919 1877 in
956 1811 1142 1895 speetuouiis
1180 1812 1265 1877 enim
1275 1817 1315 1882 31

130 1915 329 2000 apostatatio
345 1917 496 1999 quaedam
512 1915 585 1980 fidei
601 1919 649 1980 ost
665 1916 696 1979 et
712 1915 880 1998 asymboli
902 1914 1001 1999 ipsius
1023 1917 1055 1981 et
1078 1915 1264 1981 caelestibus

90 2021 342 2084 resacramentis
372 2018 476 2084 letalis
505 2017 739 2101 praeuaricatio.
779 2020 927 2101 quaeest
950 2021 1034 2083 enim
1056 2019 1088 2082 iu
1110 2021 1263 2101 baptismo

130 2121 274 2188 salutari
296 2119 543 2187 Christianorum
564 2123 667 2204 prima
689 2121 865 2186 confessio?
904 2140 982 2205 quae
1004 2121 1124 2188 soilioet
1147 2121 1206 2186 nisi
1228 2124 1265 2186 ut

130 2225 317 2291 renuntiare
350 2244 382 2290 se
418 2224 542 2292 diabolo
575 2242 612 2290 eo
643 2225 766 2308 pompis
800 2224 865 2289 eius
898 2225 930 2292 et
957 2223 1142 2306 speetaoulis
1170 2225 1264 2306 atque

132 2328 282 2414 operibus
303 2325 541 2410 protestentur?
563 2344 635 2410 ergo
658 2327 836 2409 speetaoula
851 2331 883 2392 et
904 2345 1035 2410 pompae
1057 2326 1153 2392 otiam
1176 2327 1264 2392 iuxta
1340 2337 1343 2348 ¹

131 2434 279 2497 nostram
308 2430 529 2510 professionem
559 2447 651 2513 opera
679 2431 753 2494 sunt
775 2429 902 2496 dioboli.
939 2431 1091 2512 quomodo
1112 2428 1222 2513 igitur,
1247 2435 1316 2502 032

89 2533 324 2611 soOhristiane,
347 2534 525 2615 speoteoula
547 2534 618 2616 post
632 2532 825 2616 baptismum
842 2533 989 2616 sequeris,
1014 2550 1093 2620 quae
1106 2551 1182 2614 opus
1197 2550 1264 2599 osse

133 2635 258 2701 diaboli
292 2635 475 2701 oonfitoris?
507 2636 696 2701 renuntiasti
729 2637 826 2700 semol
859 2636 980 2702 diabolo
1015 2636 1047 2700 et
1078 2635 1263 2718 epeoteouiis
1377 2629 1379 2638 ’

133 2740 216 2820 eius,
252 2733 290 2802 uo'
316 2755 372 2821 per
399 2739 457 2804 hoo
483 2735 606 2804 neeesse
636 2743 684 2804 est
711 2739 749 2804 ut
770 2742 906 2823 prudens
929 2740 962 2804 ot
983 2739 1092 2824 soiens,
1127 2738 1265 2804 dumad

132 2841 316 2926 spectacula
338 2857 466 2921 remees,
495 2843 535 2907 ad
564 2842 725 2907 diabolum
747 2843 779 2907 te
800 2843 901 2908 redire
924 2861 1101 2925 eognosoas.
1139 2841 1264 2924 utrique

133 2947 221 3010 enim
254 2945 299 3009 rei
331 2945 425 3010 simul
458 2945 647 3012 renuntiasti
671 2947 702 3010 et
722 2963 821 3010 unum
855 2946 1022 3030 utrumque
1050 2965 1117 3012 esse
1145 2946 1265 3014 oinsti.

92 3049 164 3113 assi
199 3049 238 3113 ad
271 3066 370 3113 unum
401 3049 575 3128 reuerteris,
613 3051 651 3114 ad
682 3050 850 3132 utrumque
886 3049 1041 3116 remeasti.
1078 3049 1264 3116 abrenuntio

133 3151 234 3232 enim,
257 3152 367 3233 inquis,
401 3150 523 3217 diabolo
552 3151 674 3234 pompis
695 3153 881 3235 speetamlis
905 3149 936 3218 et
958 3152 1099 3236 operibus
1121 3154 1195 3218 eius
1232 3153 1266 3217 et

133 3255 215 3338 quid
242 3257 374 3338 postea?
412 3255 514 3334 oredo,
541 3249 659 3338 inquis,
688 3256 722 3320 in
751 3257 842 3320 deum
870 3253 998 3339 patrem?
1020 3256 1264 3339 omnipotentem

134 3361 170 3422 et
194 3359 227 3422 in
249 3359 359 3422 Iesum
376 3357 536 3424 Christum
558 3358 660 3423 filium
683 3359 760 3424 eius.
799 3377 871 3442 ergo
894 3355 1040 3443 primum
1069 3359 1265 3424 renuntiatur

130 3459 261 3525 diabolo
284 3464 320 3526 ut
343 3461 485 3526 eradatur
508 3461 573 3539 deo,
603 3461 677 3544 quie
698 3462 752 3543 qui
774 3481 834 3527 non
857 3463 1016 3530 renuntiat
1038 3463 1172 3543 diabolo,
1203 3466 1318 3532 non33

190 3700 207 3753 3
219 3700 299 3767 utque
312 3699 418 3752 insania
429 3699 456 3752 Β
466 3705 499 3754 ot
511 3698 569 3754 moi.
581 3705 608 3754 et
620 3715 681 3754 orm
693 3699 753 3757 edd.
765 3699 894 3754 Halmius
984 3701 1072 3770 bouis
1085 3701 1113 3756 Β
1127 3700 1265 3770 (sedidem

128 3785 301 3854 paulopost
322 3787 369 3854 qui
386 3785 471 3852 furor)
574 3787 675 3840 laetare
701 3787 729 3840 A
832 3786 940 3856 Squid
968 3788 995 3841 Β
1099 3787 1132 3841 13
1158 3786 1265 3855 quidem

130 3885 172 3925 am
189 3869 300 3939 quidum
317 3871 344 3925 A
363 3861 430 3926 eurr.
448 3873 522 3928 m.2
595 3893 596 3903 ¹
624 3867 658 3926 ’14
682 3871 815 3940 sportatio
837 3871 967 3941 quaedam
989 3873 1029 3926 A:
1056 3871 1185 3942 quaedam
1203 3885 1265 3940 epo·

133 3956 252 4010 statutio
270 3954 297 4009 Β
401 3955 524 4026 symboli·
539 3957 596 4012 AB
618 3957 654 4022 of.
672 3963 690 4022 5
707 3959 742 4013 33
759 3957 875 4027 symboli
892 3961 1057 4012 saeramenta
1076 3956 1215 4026 (symbolis
1232 3957 1265 4010 im

133 4059 152 4098 u
172 4057 207 4096 eoo
223 4040 340 4111 symboli
363 4042 562 4107 Broseiooums,
586 4043 661 4098 mooe
683 4043 715 4096 im
733 4041 793 4098 aeid.
813 4049 878 4098 outa
896 4043 1040 4098 Halmium
1053 4042 1194 4111 peremto)

135 4128 172 4182 15
198 4128 301 4182 letalis
327 4129 485 4198 redempor
512 4130 646 4198 apriore
672 4143 725 4186 ser.
751 4130 910 4185 maed
1011 4128 1144 4183 babtismo
1169 4129 1196 4182 Β

135 4214 171 4268 17
193 4217 276 4282 atquo
299 4215 493 4291 exspuetaoulis
507 4216 566 4284 (sio)
584 4218 612 4270 et
634 4213 757 4284 operibus
775 4215 803 4268 Β
825 4217 956 4283 (ceterum
973 4214 1163 4283 exspectaculis
1181 4215 1266 4270 etium

133 4299 164 4352 A
183 4299 232 4354 aad
242 4300 292 4354 sub
304 4315 334 4354 ex
346 4301 446 4356 timulo
459 4301 554 4370 dueta)
656 4300 797 4373 usigitur]
811 4317 873 4369 ergo
887 4302 915 4355 Β
1012 4301 1045 4354 at
1064 4300 1150 4372 orodis
1168 4301 1196 4356 Β
