3036 5004
299 432 365 498 148
786 425 941 482 Saluleni

302 622 417 688 talibus
432 620 586 702 seriptum
602 619 665 686 est:
688 618 909 700 qulasopor
928 617 1081 684 ‘domini
1102 618 1282 686 inruerat
1304 637 1426 702 super

302 741 375 788 eos.
412 739 512 806 sopor:
529 723 640 804 quippe
668 717 852 797 infunditur,
880 722 918 785 ut
944 719 1077 802 perditio
1099 721 1325 804 subuenitur
1348 739 1425 792 :oum

301 826 396 905 enim,
415 825 461 890 ut
490 824 641 906 sumptum
670 821 727 900 cst,
758 819 922 904 eompletis
950 821 1168 905 iniquitatibus
1192 823 1257 892 suis
1278 826 1425 908 peccator

250 929 277 962 ·'
302 930 372 1013 quis
394 928 531 994 mersbur
552 930 588 993 ut
601 927 717 1010 pereat,
740 924 937 1007 prouidentia
952 926 992 992 sb
1007 945 1043 992 so
1059 926 1190 1007 tollitur,
1214 945 1253 992 ne
1266 927 1423 1012 uenturus

303 1031 427 1097 euadat.
445 1033 507 1097 :ssd
521 1029 595 1096 baso
611 1031 768 1113 hasterms.
792 1029 869 1096 satis
883 1031 978 1110 anim,
1002 1032 1035 1097 ut
1051 1029 1196 1110 arbitror,
1217 1030 1425 1115 quodpropo-
1448 1051 1466 1092 s

303 1135 352 1201 sui
375 1135 536 1202 euidenter
558 1134 688 1209 ostendi,
703 1153 750 1199 ne
771 1133 805 1197 in
817 1150 951 1200 :summo
972 1132 1098 1218 quidem
1119 1153 1224 1202 rerum
1245 1133 1426 1204 discrimine

303 1257 437 1305 cessasse
458 1255 615 1320 umquam·
628 1236 708 1302 uitia
730 1235 848 1302 ciuium
870 1253 966 1319 usque
988 1235 1025 1302 ad
1049 1235 1169 1304 excidia
1191 1237 1366 1306 ciuitatum.

251 1363 293 1428 82
344 1359 411 1424 XV.
442 1346 539 1441 Atqui
567 1359 643 1424 hoec
671 1355 800 1423 fuerunt
830 1357 973 1436 fortasse,
1009 1358 1072 1425 ism
1094 1377 1154 1424 non
1182 1359 1255 1424 sunt
1277 1361 1331 1424 aut
1350 1377 1425 1424 um-

303 1481 396 1546 quam
412 1479 476 1528 esse
492 1462 665 1527 cessabunt.
689 1459 850 1538 uidelicet,
874 1459 900 1525 si
916 1479 976 1542 qua
997 1460 1099 1526 adbuc
1122 1461 1212 1526 hedis
1235 1463 1290 1526 aut
1312 1459 1425 1526 ciuitas

303 1568 359 1632 aut
377 1563 538 1648 prouincia
558 1564 610 1630 uel
631 1562 736 1648 plagis
758 1563 946 1630 caelestibus
969 1563 1108 1630 caeditur
1122 1564 1173 1629 usl
1195 1563 1303 1632 hostili
1324 1582 1466 1648 popu-re

302 1668 419 1734 latione
452 1666 593 1733 usstsbrr
627 1665 819 1751 humiliatur,
854 1667 1049 1733 conuertitur
1076 1667 1267 1747 emendatur,
1302 1670 1334 1734 st
1361 1663 1425 1732 nou

303 1772 428 1837 cunctos
450 1769 548 1836 lsrms
564 1770 695 1835 Romani
711 1769 845 1835 nominis
866 1770 995 1854 populos
1010 1769 1094 1854 prius
1110 1771 1157 1836 est
1177 1771 1307 1838 interius
1330 1786 1425 1855 quam

303 1873 426 1958 corrigi,
449 1890 511 1938 non
531 1873 617 1956 prius
640 1873 721 1955 ipsos
743 1891 837 1956 quam
860 1874 893 1938 in
914 1873 991 1956 ipsis
1014 1873 1093 1940 uitia
1108 1891 1170 1940 non
1186 1891 1260 1940 esse.
1290 1873 1424 1956 denique

270 2061 273 2066 ³
304 1977 441 2043 breuiter
462 1977 495 2042 id
516 1975 640 2060 probari
668 1975 771 2057 potest
798 1974 900 2041 excise
928 1978 975 2041 ter
998 1977 1188 2042 continuatis
1210 1975 1423 2042 suessionibus

303 2099 428 2146 summa
448 2080 526 2147 urbe
542 2077 711 2158 Gallorum,
735 2097 866 2162 cumque
890 2079 990 2145 omnis
1013 2081 1125 2146 ciuitas
1147 2079 1310 2145 combusta
1332 2080 1464 2157 essetis

252 2187 294 2254 83
303 2184 396 2250 malis
425 2183 552 2266 etpost
578 2181 698 2247 excidia
726 2181 944 2248 crescentibus.
981 2200 1052 2248 nam
1083 2200 1158 2265 quos
1186 2181 1285 2248 hostis
1314 2182 1347 2246 in
1369 2199 1423 2246 ex·

304 2288 385 2355 sidio
407 2306 469 2355 non
483 2283 648 2364 ceciderat,
672 2288 742 2369 post
757 2285 910 2350 excidium
925 2285 1088 2352 calamitas
1102 2283 1263 2369 obruebat,
1287 2303 1357 2350 sum
1378 2282 1422 2363 id,

232 2373 238 2382 ¹
304 2391 385 2475 quod
407 2391 440 2457 iu
463 2388 580 2456 excidio
603 2390 744 2454 suaserat
765 2387 869 2467 morti,
899 2389 969 2471 post
990 2387 1144 2456 excidium
1165 2406 1227 2454 non
1248 2389 1425 2470 superesset

304 2489 487 2559 calamitati.
518 2489 594 2554 alios
610 2488 693 2554 enim
714 2488 855 2572 inpressa
876 2487 971 2554 altius
993 2487 1124 2556 uulnera
1145 2490 1248 2575 longis
1267 2491 1424 2562 mortibus

303 2594 468 2674 necabunt,
491 2592 569 2658 ulios
592 2592 750 2658 ambustos
773 2590 910 2656 hostium
931 2591 1066 2657 fiammis
1086 2592 1183 2658 stiam
1197 2597 1267 2676 post
1281 2593 1463 2660 flammasin

304 2715 400 2781 poena
422 2694 595 2779 torquebat.
635 2694 690 2759 alii
711 2692 882 2761 interibant
905 2695 986 2760 sams
1009 2695 1064 2763 ulii
1082 2695 1234 2777 nuditate,
1257 2697 1312 2762 alii
1333 2696 1423 2762 tabe·

304 2803 424 2865 scentes
439 2799 494 2864 alii
516 2798 663 2881 rigentes,
687 2815 724 2863 ae
738 2797 783 2862 sio
796 2797 829 2862 in
852 2816 948 2863 unum
971 2797 1089 2865 exitum
1104 2799 1215 2866 mortis
1230 2819 1284 2882 per
1299 2798 1423 2866 diuersa

252 2900 456 2974 84moriendi
488 2919 602 2986 genera
633 2900 834 2967 conruebant.
871 2900 1006 2984 etquid
1037 2899 1150 2984 plura?
1184 2903 1300 2970 sucidis
1329 2902 1423 2968 nnius

303 3003 390 3069 urbis
412 3003 639 3088 adfligebantur
662 3021 782 3087 qusque
804 3003 883 3070 aliae
911 3003 1066 3070 ciuitates.
1102 3005 1246 3072 isoebaut
1267 3004 1424 3089 siquidem

304 3107 431 3192 passim,
460 3107 541 3190 quod
562 3107 629 3190 ipss
651 3106 718 3174 uidi
740 3107 833 3189 alqus
862 3107 1005 3182 sustinul,
1034 3107 1196 3192 utriusque
1218 3127 1307 3174 sexus
1329 3108 1464 3176 cada-ss

304 3228 380 3276 asra
400 3213 485 3278 nuda
504 3210 617 3291 lacera,
647 3209 734 3276 urbis
763 3210 866 3276 oculos
888 3209 1075 3276 incestantia
1097 3210 1207 3277 auibus
1230 3211 1422 3295 canibusque

303 3315 431 3382 laniata.
459 3313 527 3380 lues
542 3317 609 3378 erat
631 3313 806 3380 uiuentium
820 3313 917 3380 foetor
940 3313 1082 3380 funereis
1105 3317 1316 3382 mortuorum:
1340 3331 1423 3380 mors

407 3470 669 3570 anmm
771 3499 926 3556 amm

356 3671 370 3726 1
398 3671 461 3740 quia
487 3686 537 3726 om.
565 3669 593 3724 Β
704 3671 721 3724 3
746 3669 885 3738 eompletis
911 3683 945 3725 sc
970 3669 1111 3739 cumuletis
1137 3669 1165 3724 A
1191 3684 1260 3726 corr.
1286 3675 1356 3728 uui

304 3756 319 3809 7
337 3756 468 3811 excidium
480 3757 508 3810 B
587 3757 692 3825 sntqni
709 3756 867 3812 Henetiam
886 3759 965 3825 atque
982 3756 1170 3815 ABHutmises
1254 3754 1426 3812 9oessabant

302 3857 386 3912 super
404 3847 533 3911 apodes.
551 3858 570 3896 u
587 3856 638 3896 ser.
654 3855 690 3897 m.
707 3856 759 3896 rec.
777 3842 805 3896 A
892 3842 924 3896 10
940 3841 1077 3911 prouintia
1094 3842 1121 3895 A
1208 3841 1238 3896 ll
1258 3841 1424 3898 conuertitur

304 3944 339 3983 soc
352 3928 647 3995 -mthcoruoud,
663 3926 1073 3999 idmstotimpopulosealos
1165 3928 1353 4004 inissetis-113

305 4014 338 4068 14
356 4014 463 4069 ‘excisso
482 4012 599 4069 stood
614 4013 669 4070 seio
686 4029 724 4068 usa
740 4017 820 4070 restc’
843 4015 972 4070 Halmius
1074 4015 1107 4070 15
1130 4029 1242 4084 cumque
1264 4014 1423 4074 simios:

304 4117 362 4155 sum
380 4100 436 4155 AB
441 4099 571 4155 Halmius
672 4099 781 4154 bustum
797 4100 826 4155 Β
922 4101 957 4156 20
974 4100 1124 4160 combustos
1143 4101 1170 4154 A
1272 4099 1305 4154 25
1322 4102 1424 4168 possim

303 4185 331 4241 B
347 4202 369 4242 s.
382 4187 400 4241 i.
491 4185 550 4240 nidi
568 4188 648 4256 etque
667 4201 701 4242 ec
718 4185 808 4242 uideat
823 4201 891 4256 quas
909 4187 936 4240 A
953 4201 1022 4244 corr.
1039 4190 1105 4245 Μ
1199 4185 1232 4239 26
1249 4184 1323 4240 urbis
1339 4185 1388 4242 sed
1405 4203 1424 4240 u

303 4276 372 4328 mot·
387 4274 450 4327 isse
472 4288 506 4328 m.
523 4273 544 4327 2
560 4274 588 4327 A
689 4273 848 4330 incessantis
872 4275 901 4329 A
1003 4273 1037 4328 ab
1057 4273 1155 4330 auibus
1171 4273 1328 4342 uspicctm
1345 4273 1423 4328 Hor·

304 4357 385 4411 telius
401 4357 469 4436 fort.
487 4363 559 4412 reete
