2972 5000
401 432 438 486 de
456 430 589 500 gubern.
610 429 661 484 dei
685 429 764 494 1115
785 428 894 482 12-17.
1166 427 1207 494 47

74 623 133 706 qui
157 639 243 686 non
269 619 421 686 tulerit
443 638 600 685 oruoem
624 636 730 684 suam
753 621 790 682 et
813 620 971 682 seoutus
990 635 1045 680 me
1067 613 1206 698 inerit,

73 744 143 791 non
173 728 240 795 ost
271 742 328 788 me
351 723 501 804 dignus.
547 722 659 804 etqui
687 739 720 786 se
742 719 956 786 christianum
985 719 1077 803 dieii,
1106 719 1207 800 debet,

74 827 346 913 quemadmodum
362 824 505 891 Christus
528 825 713 904 ambularit,
737 825 782 890 sio
797 827 827 889 ot
843 824 908 907 ipse
931 822 1101 890 ambulare.
1130 824 1259 905 quaero

73 952 130 997 non
153 931 254 996 modo
284 931 372 1006 illos,
403 928 457 1010 qui
478 929 657 1011 uoluptates
680 931 711 993 et
733 943 863 1010 pompas
886 926 1003 992 saeculi
1029 930 1207 1010 sequuntur,

57 1039 121 1101 esed
144 1053 186 1099 ne
212 1033 288 1098 illos
306 1033 432 1115 quidem
448 1030 581 1113 implere
598 1031 719 1096 eertum
735 1031 792 1106 est,
814 1029 869 1113 qui
884 1029 1058 1096 saeculares
1079 1030 1207 1096 affectus

74 1138 310 1220 derelinquunt.
335 1153 409 1199 nam
431 1135 538 1216 etqui
562 1134 741 1200 renuntiare
764 1132 885 1200 diuitiis
911 1133 1057 1214 uidentur
1079 1153 1139 1200 non
1162 1135 1208 1202 sio

71 1241 273 1324 renuntiant,
295 1241 333 1304 ut
353 1238 478 1322 penitus
500 1239 696 1304 renuntiasse
718 1237 902 1314 uideantur,
926 1241 957 1302 et
980 1236 1034 1320 qui
1056 1238 1209 1320 putantur

73 1363 195 1409 erucem
221 1344 349 1426 portare
372 1341 417 1407 sio
438 1342 573 1426 portant,
596 1343 632 1404 ut
654 1343 725 1424 plus
747 1339 883 1406 habeant
904 1343 937 1406 in
963 1341 1061 1406 ornois
1084 1343 1208 1410 nomine

72 1447 241 1530 dignitatis
274 1464 368 1528 quam
395 1445 428 1509 in
455 1444 598 1526 passione
625 1442 779 1527 supplicii.
824 1445 856 1508 et
884 1459 991 1508 omnes
1020 1447 1124 1510 tarum
1153 1446 1209 1512 isti

47 1580 66 1616 10
72 1549 194 1615 etiamsi
212 1548 333 1631 aliquid
348 1547 459 1612 horum
474 1546 553 1612 bona
568 1546 628 1612 lide
643 1545 860 1628 adimplerent,
883 1546 964 1612 illud
978 1547 1093 1630 absque
1114 1548 1207 1614 dubio

73 1655 179 1718 nullus
207 1651 364 1730 efficeret,
396 1651 433 1714 ut
460 1650 623 1732 peruiam
653 1649 736 1715 uitae
758 1649 850 1715 istius
878 1648 922 1713 sio
948 1650 1104 1715 incederet
1126 1654 1208 1717 siout

72 1758 214 1822 salbator
235 1752 377 1820 inoessit.
412 1753 479 1836 qui
507 1771 545 1818 se
572 1753 691 1830 enim,
720 1752 822 1834 inquit
847 1753 1019 1836 apostolus,
1048 1753 1147 1818 dicit
1168 1755 1207 1820 in

72 1859 236 1925 christo
271 1874 452 1936 manere,
486 1855 628 1936 debet,
662 1855 988 1936 quemadmodum
1023 1853 1206 1922 Christus

70 1963 319 2044 ambulauit‚
343 1961 400 2025 sio
422 1964 460 2024 ot
482 1961 567 2041 ipse
591 1958 805 2025 ambulare.

46 2098 64 2137 a
110 2067 193 2132 IIII.
220 2064 285 2130 Sed
303 2066 380 2130 dura
396 2063 527 2128 forsitan
544 2063 670 2145 quidam
685 2064 798 2145 putant
813 2065 1022 2146 apostolorum
1038 2083 1104 2131 esse
1118 2083 1207 2149 pree·
1218 2063 1258 2128 16

72 2170 171 2252 repta
201 2167 285 2233 dura
306 2167 398 2249 plane
421 2166 629 2232 existimanda
650 2169 733 2244 sunt,
757 2166 784 2230 si
805 2166 876 2249 plus
891 2165 930 2232 ab
947 2166 1018 2231 aliis
1034 2166 1207 2235 ostiolorum

71 2273 202 2356 erigunt
220 2289 316 2353 qnam
333 2269 395 2335 sibi
410 2273 549 2336 sumunt.
574 2287 665 2352 porro
683 2270 798 2353 autem,
821 2269 849 2333 si
863 2269 963 2334 multo
978 2271 1081 2334 minus
1097 2272 1207 2336 esteris

70 2378 274 2459 imperarunt
304 2393 397 2456 quam
427 2373 504 2451 sibi,
539 2390 601 2436 non
630 2370 720 2437 modo
751 2391 810 2436 non
838 2389 948 2454 graues
977 2373 1123 2456 magistri
1152 2372 1207 2438 sod

71 2480 222 2561 pmentes
244 2476 515 2559 indulgentissimi
537 2475 699 2541 iudicandi
721 2479 812 2552 sunt,
836 2474 890 2556 qui
913 2493 1014 2555 onera,
1038 2494 1117 2558 quae
1140 2493 1206 2544 oer-

46 2582 197 2649 uuioibns
221 2580 361 2646 filiorum
384 2597 440 2663 per
464 2578 582 2650 *amoris
604 2579 836 2662 indulgentiam
858 2578 1040 2660 detrahunt,
1071 2580 1131 2646 sibi
1153 2601 1207 2665 per

72 2685 222 2750 affectum
259 2683 419 2766 religIonis
449 2683 623 2767 imponunt.
669 2683 744 2764 quid
774 2684 857 2749 enim
885 2701 965 2748 unus
995 2703 1032 2749 er
1060 2685 1136 2768 ipsis
1167 2686 1207 2752 ad

70 2789 204 2872 populos
240 2785 469 2851 ecclesiasticos
505 2787 602 2852 dicit?
646 2786 796 2863 filioli,
831 2786 950 2870 inquit,
985 2789 1079 2868 mei,
1113 2807 1207 2872 quos

71 2891 223 2956 iterum
247 2889 442 2972 parturio,
466 2890 589 2956 donea
611 2890 807 2956 formetur
823 2890 1008 2957 Christus
1029 2891 1206 2959 innobis.

71 2994 101 3058 et
113 3013 267 3059 rursum:
288 2993 533 3071 imitatores,
557 2993 670 3074 inquit,
687 2993 762 3058 mei
784 2994 926 3079 estote,
950 2995 1054 3060 siout
1075 2999 1113 3060 et
1137 3015 1206 3082 ego

45 3097 239 3164 adbristi.
286 3097 374 3162 nobis
402 3096 461 3161 hoo
488 3095 639 3180 imperat,
670 3099 706 3160 ut
728 3096 959 3176 assimilemur,
989 3098 1041 3180 qui
1063 3098 1126 3163 sibi
1148 3100 1206 3164 boe
1217 3099 1256 3166 17

4 3179 6 3326 >
70 3202 304 3283 imperauerat,
327 3204 363 3265 ut
386 3197 502 3264 Christi
524 3202 606 3264 esset
627 3199 779 3264 imitator.
817 3200 1011 3285 etquidem,
1035 3201 1116 3284 quod
1139 3203 1205 3286 ipse

4 3327 5 3336 ¹
71 3303 240 3369 Christum
270 3303 414 3370 imitatus
444 3303 502 3382 sit,
531 3303 611 3369 nulli
639 3302 771 3368 dublum
793 3304 851 3368 est.
898 3303 1040 3370 Christus
1068 3306 1205 3372 enimse

4 3469 5 3472 ,
69 3426 128 3489 pro
149 3407 246 3472 nobis
269 3406 409 3472 subdidit
440 3407 574 3485 mundo,
604 3409 635 3470 et
663 3425 696 3470 se
727 3405 793 3489 ipse
821 3425 876 3489 pro
899 3406 1037 3474 Christo:
1062 3407 1204 3476 Christus

71 3527 127 3594 pro
150 3508 246 3575 nobis
269 3509 372 3575 taedia
395 3510 426 3574 et
447 3510 569 3574 labores
595 3509 795 3592 grauissimos
824 3511 984 3594 pertulit,¹
999 3515 1030 3576 et
1059 3513 1116 3578 hoo
1138 3514 1204 3596 ipse

176 3644 212 3698 12
230 3642 246 3696 I
264 3642 322 3698 Iob.
340 3644 365 3709 2,
383 3644 400 3697 6
503 3644 538 3698 22
555 3641 616 3699 Gal.
634 3643 659 3711 4,
679 3644 711 3698 19
814 3645 880 3699 241
899 3645 958 3700 Cor.
978 3646 1019 3713 11,
1038 3648 1053 3701 1

4 3817 5 3844 Ξ
121 3763 229 3818 adicit
247 3764 275 3817 A
291 3780 325 3820 m.
345 3779 397 3818 rec.
415 3779 436 3818 a.
455 3763 473 3818 l.
576 3762 594 3817 4
617 3766 746 3832 sequntur
765 3765 827 3831 (aio)
851 3765 879 3818 A
980 3767 1159 3822 denenularis
1176 3769 1205 3823 A

4 3893 5 3896 η
71 3856 133 3904 m.1
150 3851 181 3904 B
280 3850 389 3904 affectus
400 3850 512 3918 arripe&
530 3849 566 3914 cs.
579 3850 611 3903 a'n
622 3849 774 3906 Sita-Ber.
785 3867 813 3918 p.
826 3853 865 3904 24
874 3867 926 3922 ag:
945 3856 1050 3907 amotus
1062 3870 1083 3909 s.
1096 3856 1140 3908 tus
1152 3870 1203 3909 aar.

70 3953 103 3990 m.
127 3952 183 3991 rec.
208 3951 251 3988 res
273 3936 301 3988 A
330 3936 428 3990 amoris
451 3938 493 3989 ius
516 3936 560 4004 Β,
591 3936 664 4001 ‘fort
687 3930 769 3990 sotus’
789 3937 935 4006 Halmium
970 3943 1060 3993 motus
1082 3941 1126 3994 uel
1149 3940 1204 3996 iam

71 4025 162 4076 motus
181 4022 342 4092 mandator
359 4021 506 4076 Hartetiua
609 4021 624 4075 7
643 4023 787 4090 portantur
805 4028 831 4076 et
848 4023 877 4077 A
894 4029 920 4078 et
937 4025 964 4078 B
981 4041 1016 4078 m.
1031 4029 1047 4078 1
1063 4025 1110 4080 secl
1127 4027 1160 4081 in
1176 4027 1204 4081 A

70 4124 89 4162 a.
106 4122 162 4163 ser.
187 4124 223 4160 m.
242 4123 295 4162 reo.
309 4109 445 4170 utantur,
472 4108 515 4161 ita
536 4111 630 4162 tomen
650 4112 683 4161 ot
704 4108 757 4160 aia
780 4109 835 4178 legi
848 4110 935 4176 possit
1038 4110 1070 4164 15
1095 4112 1203 4180 quidam

71 4193 186 4249 forsitan
206 4195 233 4248 B
330 4195 363 4247 18
380 4193 539 4262 inperarnnt
558 4193 586 4246 Β
684 4192 716 4246 19
734 4194 883 4248 oeruioibus
900 4211 934 4249 em
951 4195 1071 4250 cornibus
1089 4198 1117 4252 A
1134 4213 1203 4252 corr.

71 4296 104 4334 m.
123 4286 148 4346 1,
165 4284 202 4334 at
218 4279 332 4334 radetur
435 4279 469 4332 29
492 4277 605 4347 pertulit
622 4279 650 4332 et
667 4278 724 4347 ipse
742 4293 790 4346 pro
807 4279 884 4334 nobis
902 4281 1017 4348 pertulit
1035 4285 1064 4337 et
1080 4283 1138 4352 ipse
1155 4299 1203 4353 pro
1319 4344 1322 4352 ,

72 4365 181 4421 Christo
204 4366 232 4419 B
