3036 5004
285 401 346 466 1¹44
767 397 919 452 Saloniani

282 585 368 651 batio
402 585 477 650 faoit
510 604 576 650 osso
608 585 794 650 moderatos.
829 585 981 667 numquid
1009 587 1117 669 populi
1145 587 1320 663 ciuitatum,
1350 587 1405 669 qui

282 687 434 771 impudioi
455 687 547 753 rebus
569 689 726 769 prosperis
747 687 882 765 fuerant,
905 689 1023 770 asperis
1039 688 1118 754 oasti
1133 707 1201 755 osse
1216 690 1409 774 oooperuntd

283 783 435 872 numquid
463 787 608 866 ebrietas,
639 807 717 872 qnae
746 791 779 854 in
807 791 1038 873 tranquillitate
1064 793 1096 857 et
1126 791 1316 858 abundantio
1337 811 1404 858 ore·

232 893 381 966 dixerat,
404 893 510 958 hostili
532 892 641 959 saltim
662 893 899 975 depopulatione
922 893 1081 960 oessauiti
1111 899 1234 960 uastata
1249 895 1405 964 ostltalio

218 1022 220 1025 ·
284 996 339 1061 tot¹
365 995 429 1060 iam
459 995 612 1062 alodibus:
646 995 891 1078 orgoltalorum
920 997 1001 1062 uitia
1031 998 1243 1064 destiterunt?
1280 999 1404 1064 obsessa
1427 1019 1447 1065 s

284 1101 331 1163 est
361 1098 436 1163 urbs
459 1099 556 1164 Roma
584 1099 616 1163 et
637 1101 827 1182 expugnate:
865 1118 937 1183 ergo
971 1099 1129 1166 desierunt
1161 1101 1335 1184 blasphemi
1365 1119 1403 1166 ao

282 1200 390 1266 furiosi
406 1219 473 1266 osse
488 1203 644 1268 Romani?
660 1202 855 1268 inundarunt
870 1201 990 1268 Gallias
1004 1204 1115 1289 gentes
1129 1204 1297 1271 barbarae:
1320 1223 1401 1288 ergo,

283 1305 434 1387 quantum
456 1309 497 1372 ad-
510 1323 610 1371 mores
631 1305 769 1388 perditos
792 1307 924 1390 speetat,
947 1325 1009 1372 non
1025 1307 1134 1372 eadem
1149 1311 1224 1373 sunt
1240 1308 1403 1376 Gallorum

283 1407 414 1474 ommino
446 1427 523 1491 quae
556 1409 704 1476 fuerunt?
740 1409 998 1476 transeundorunt
1030 1411 1063 1476 in
1096 1411 1267 1492 Hispaniae
1304 1413 1403 1476 terras
1446 1483 1454 1496 ,

281 1510 388 1594 populi
409 1511 648 1577 Wandalorum:
672 1513 795 1579 mutate
817 1513 942 1595 quidem
965 1514 1014 1579 est
1034 1531 1099 1579 sors
1114 1513 1325 1596 Hispanorum
1347 1515 1442 1581 sodro

231 1613 272 1679 68
282 1632 343 1679 non
358 1617 482 1680 mutata
496 1615 661 1680 uitiositas.
691 1617 854 1697 postremo,
877 1635 915 1681 ne
938 1634 1001 1698 qua
1014 1634 1085 1699 pars
1100 1617 1209 1680 mundi
1225 1615 1402 1680 exitialibus

281 1718 374 1783 malis
405 1717 486 1782 esset
519 1719 685 1795 immunis,
720 1720 867 1803 nauigare
895 1737 950 1802 per
979 1719 1092 1784 fluetus
1114 1719 1198 1785 bolla
1219 1722 1402 1802 cooperunt:

283 1837 360 1903 quas
381 1821 512 1886 uastatis
534 1821 661 1887 urbibus
690 1820 770 1886 mari
793 1822 908 1886 eleusis
931 1824 963 1886 et
985 1821 1101 1887 euersis
1123 1819 1268 1887 Sardinia
1289 1839 1326 1886 ao
1349 1819 1400 1887 Si·

282 1921 363 2000 oilia,
397 1923 428 1988 id
456 1926 504 1988 est
532 1923 689 1989 lisoalibns
710 1925 839 2008 horreis,
875 1927 969 2007 atquo
991 1924 1103 1990 eboisis
1125 1924 1214 1990 uelut
1248 1923 1400 1990 uitalibus

281 2025 378 2104 uenis,
407 2025 547 2090 Airioam
573 2026 674 2108 ipsam
703 2025 812 2092 idest
841 2028 928 2110 quasi
958 2029 1096 2092 animam
1118 2027 1317 2109 oaptiuauere
1340 2028 1441 2096 roi-rs

280 2127 430 2214 publioae.
468 2127 624 2210 etquid?
656 2129 804 2212 ingressis
833 2130 1065 2195 terramillam
1096 2131 1241 2213 gentibus
1264 2129 1402 2195 barbaris

280 2231 411 2297 forsitan
434 2233 484 2296 uel
506 2233 593 2296 metu
615 2232 694 2296 uitia
715 2230 899 2297 oessarunt?
921 2235 984 2314 aut,
1008 2235 1089 2298 siout
1111 2231 1224 2317 oorrigi
1247 2233 1286 2298 ad
1309 2251 1401 2316 proe-

281 2351 352 2398 seus
374 2334 469 2399 etiam
492 2335 674 2416 nequissimi
698 2335 810 2417 quiquo
825 2353 985 2400 seruorum
999 2335 1108 2411 solent,
1131 2335 1321 2402 modestiam
1337 2336 1401 2400 sal·

229 2436 271 2502 69
280 2437 339 2502 tim
361 2455 397 2501 ao
419 2436 614 2517 disciplinam
636 2439 734 2502 terror
750 2437 902 2502 extorsit?
930 2437 999 2519 quis
1016 2438 1180 2504 aestimare
1202 2439 1259 2503 hoo
1280 2439 1400 2504 malum

129 2527 131 2538 '
279 2538 402 2622 possit?
433 2539 702 2605 oiroumsonabant
724 2545 820 2604 mmis
843 2557 947 2604 muros
970 2539 1074 2606 Cirtae
1096 2543 1189 2623 atque
1203 2539 1444 2626 carthaginem

279 2642 386 2726 populi
410 2641 626 2718 barbarorum,
662 2643 694 2706 et
722 2643 854 2708 eoolesia
882 2641 1132 2726 Carthaginensis
1160 2643 1336 2710 insaniebat
1366 2644 1401 2710 in

279 2744 368 2809 oirois
389 2744 565 2810 luxuriabat
586 2745 619 2808 iu
642 2745 782 2810 theatris.
800 2773 802 2780 >
817 2745 871 2810 alii
894 2746 969 2812 foris
991 2747 1215 2830 iugulabautur
1236 2748 1290 2812 alii
1313 2747 1404 2814 intus-

164 2881 168 2891 ν
279 2846 523 2913 iornioabantnr:
557 2865 628 2928 pars
662 2847 761 2931 plebis
796 2850 864 2913 orat
896 2849 970 2914 ioris
1000 2851 1128 2931 captiua
1159 2851 1297 2935 bostium
1327 2868 1402 2931 pars-

230 2950 364 3017 iOintus
396 2949 523 3032 ooptiua
551 2951 709 3015 uitiorum.
747 2951 834 3016 ouius
857 2969 923 3016 sors
945 2954 1030 3034 peior
1052 2953 1146 3018 inerit
1167 2955 1317 3018 insertum
1341 2953 1400 3020 est.

278 3052 327 3118 illi
361 3053 486 3134 quidem
519 3056 607 3117 amnt
640 3055 828 3120 extrinsecus
861 3072 961 3133 earne,
999 3056 1053 3120 sed
1086 3056 1141 3120 isti
1174 3055 1259 3120 intus
1293 3059 1444 3122 mentesa

279 3156 408 3237 captiui,
432 3158 463 3220 et
486 3175 523 3220 ex
544 3155 662 3220 duobus
684 3156 831 3222 letalibus
850 3157 940 3222 malis
962 3157 1072 3240 leuius,
1097 3161 1133 3223 ut
1154 3177 1231 3237 reor,
1255 3161 1309 3224 est
1325 3177 1399 3241 oap-

279 3258 436 3324 tiuitotem
472 3259 608 3341 eorporis
641 3257 853 3325 Christianum
889 3279 983 3343 quam
1021 3261 1238 3343 captiuitatem
1276 3261 1399 3328 animae

279 3361 438 3442 sustinere,
472 3362 639 3428 seeundum
668 3362 757 3440 illud,
787 3363 869 3444 qnod
890 3363 980 3428 donet
1002 3364 1139 3429 saluatur
1161 3363 1282 3446 ipsein
1304 3383 1398 3431 euan-

279 3465 371 3550 gelio,
394 3466 521 3548 grauius
543 3465 644 3530 multo
672 3465 848 3530 animarum
868 3467 1001 3532 mortem
1017 3483 1090 3548 esse
1112 3484 1205 3549 qnam
1227 3485 1400 3550 oorpornm.

377 3689 412 3742 28
429 3687 492 3743 Lno.
511 3687 536 3754 9,
554 3688 588 3742 24

327 3895 342 3946 1
361 3893 509 3948 moderatos
526 3909 561 3948 eor
579 3896 654 3948 -atus
671 3896 698 3948 A
716 3911 785 3951 corr.
803 3911 836 3948 m.
856 3897 876 3948 2
977 3895 994 3948 ἓ
1016 3911 1074 3949 esse
1092 3894 1160 3949 casti
1178 3896 1205 3949 A
1221 3895 1270 3950 sed
1288 3895 1399 3950 ausos

274 3985 339 4034 oum
350 3981 733 4052 m.1trouepositionisei9uu
795 4001 796 4008 ¹
837 3981 869 4035 10
881 3981 1066 4050 HispaniaoA
1168 3982 1201 4034 13
1213 3981 1400 4050 quaeuastatis

274 4065 322 4119 sed
337 4079 421 4134 super
437 4081 504 4135 quas
522 4081 573 4121 sor.
591 4066 624 4120 do
640 4069 706 4120 Μ
723 4068 763 4131 A;
780 4067 845 4134 fort.
861 4081 931 4134 qnae
948 4067 1095 4122 deuastatis
1185 4067 1218 4121 14
1235 4069 1332 4122 sboisis
1349 4067 1401 4122 sod

274 4154 579 4218 aspersionem
600 4153 628 4205 A
731 4153 763 4206 16
786 4151 906 4206 barbaris
929 4153 1056 4222 gentibus
1078 4157 1177 4207 temam
1201 4153 1277 4209 illam
1300 4153 1327 4206 B

276 4235 309 4290 18
334 4235 442 4305 quique]
471 4237 598 4306 quiquam
626 4237 653 4291 B
771 4239 803 4292 21
832 4236 999 4309 oartbaginis
1024 4241 1052 4294 A
1080 4239 1273 4308 mrtaginensis
1300 4239 1327 4292 B

275 4320 309 4374 25
326 4321 434 4388 quidam
453 4322 480 4375 B
583 4323 618 4378 26
635 4323 773 4378 lodosiibus
792 4325 819 4377 A
