3036 5004
441 401 478 456 de
495 401 631 473 gubern.
649 403 704 458 dei
721 403 746 457 V
763 406 779 468 ὃ
796 403 908 458 43-49.
1179 404 1240 470 lli

108 609 164 658 uos
188 590 313 660 barbari
345 589 482 673 capiunt
515 610 585 657 cum
616 591 730 660 nattes
756 595 877 658 nostros
901 591 1055 659 iaciamus
1075 610 1142 658 cese
1165 609 1240 674 cep-

108 695 214 761 ticos?
237 695 283 761 nil
305 711 378 776 ergo
394 694 510 760 minum
526 695 584 772 est,
607 696 688 776 cuod
703 693 898 762 certationes
913 695 990 762 sunt
1005 694 1100 778 etque
1116 693 1239 760 excidia

108 797 286 863 ciuitatum.
325 799 378 864 diu
400 796 433 862 id
454 796 663 879 plurimorum
696 797 891 880 oppressione
926 797 1166 878 elaborauimus
1203 798 1239 862 ut

107 899 293 984 eaptiueudo
317 899 395 966 elios
418 902 513 968 otiam
535 899 599 982 ipsi
618 900 826 984 inciperemus
850 919 916 966 esse
933 899 1061 983 captiui.
1084 902 1237 968 scutimus

86 1006 200 1084 sonim,
230 1005 290 1070 etsi
312 1005 434 1070 tardius
455 1003 556 1070 multo
579 1022 675 1086 quam
698 1004 903 1083 merebamur,
932 1003 1086 1070 sentimus
1110 1003 1238 1068 taudem

106 1109 171 1186 ilia
196 1126 275 1190 quae
298 1106 440 1186 fecimus,
464 1107 498 1172 et
514 1106 603 1173 iuntc
617 1124 793 1174 sermonem
806 1123 932 1174 sacrum
948 1105 1071 1172 labores
1087 1123 1235 1172 manuum

104 1215 282 1277 nostrarum
314 1209 541 1299 manducamus
564 1227 600 1276 ec
626 1209 710 1277 iusto
743 1209 844 1276 iudice
879 1209 936 1278 deo
972 1208 1125 1277 soluimus
1158 1227 1236 1291 quse

106 1314 266 1380 debemus.
304 1312 427 1378 miserti
449 1311 564 1395 quippe
587 1313 711 1379 exulum
734 1330 795 1381 non
817 1329 1027 1389 summense
1051 1310 1110 1395 ipsi
1134 1311 1237 1378 exules
1246 1306 1288 1373 47

105 1433 233 1481 sumus:
269 1415 453 1498 peregrinos·
481 1415 589 1482 fraude
623 1417 771 1500 cepimus,
807 1433 877 1482 cccc
906 1415 968 1498 ipsi
999 1414 1235 1497 peregrinamur

74 1520 200 1602 cratque
222 1517 424 1584 fraudemur.
448 1517 653 1600 praeiudiciis
670 1519 875 1602 temporum'
866 1517 994 1602 ingenui
1009 1519 1110 1584 status
1132 1517 1236 1584 homi·

104 1639 157 1686 nes
194 1621 470 1703 circumuenimus,
503 1639 574 1688 occe
607 1621 668 1704 ipsi
701 1640 799 1705 nuper
833 1619 999 1705 quidem
989 1638 1023 1684 un
1045 1620 1145 1686 alieno
1169 1620 1235 1685 solo
1355 1659 1356 1668 ι

104 1721 213 1788 uiuere
241 1723 409 1806 coepimus,
444 1727 497 1790 sed
525 1725 804 1826 praeiudiciorum
826 1725 973 1790 timemus
977 1704 1024 1830 s
1023 1726 1054 1790 et
1077 1741 1094 1788 o
1117 1727 1237 1805 quante

103 1827 150 1891 est
186 1824 323 1890 infidelis
356 1825 512 1891 malarum
545 1813 701 1892 mentium
728 1829 879 1893 caecitas!
910 1827 1144 1892 damnationem
1165 1845 1236 1909 per·

103 1927 235 1993 ferimus
258 1927 410 1993 iudicant'
386 1932 428 1994 trs
451 1929 500 2016 dei
523 1931 555 1994 et
578 1929 713 1996 necdum
734 1947 789 1995 nos
812 1929 1008 2013 agnoscimus
1031 1928 1170 1996 iudicari.
1205 1931 1235 1994 et
1222 1924 1287 1992 048
1409 1941 1410 1946 ’

74 2033 262 2098 umuantnr
293 2011 474 2100 sannionum
508 2031 614 2119 aliqui,
648 2032 730 2115 quod
759 2032 898 2115 exemplo
928 2033 1034 2102 nostro
1058 2032 1153 2098 ceteri
1175 2049 1236 2098 non

103 2136 324 2219 emendentur,
357 2136 411 2218 qui
445 2134 525 2201 nihil
552 2136 652 2202 adhuc
682 2134 745 2200 tale
769 2135 954 2220 tolerarunt,
978 2154 1050 2203 cum
1071 2137 1236 2204 tormentis

102 2241 285 2306 nostrarum
302 2237 506 2322 iniquitatum
522 2257 561 2304 ne
576 2237 636 2320 ipsi
653 2238 787 2321 quidem,
804 2237 858 2321 qui
872 2238 936 2304 iem
953 2240 1040 2306 adeo
1056 2239 1234 2320 plectimur,

102 2341 306 2426 corrigamur.
345 2341 564 2425 osuperbiem
587 2360 651 2408 non
672 2341 848 2408 ferendam:
875 2342 1005 2424 plurimi
1027 2359 1140 2424 poenas
1163 2359 1234 2426 pec·

102 2449 246 2510 catorum
276 2462 405 2510 sucrum
438 2446 609 2530 perferunt,
644 2449 675 2510 et
708 2444 892 2528 intellegere
928 2463 1034 2510 causas
1063 2461 1234 2528 poenarum

70 2566 193 2616 onemo
217 2548 375 2630 dignatur.
414 2549 468 2614 sed
491 2548 538 2614 est
560 2567 653 2617 causa
683 2549 819 2628 euidens,
849 2567 927 2632 quae
950 2548 1032 2613 hanc
1054 2544 1233 2630 superbiam
1242 2542 1285 2609 49

100 2651 188 2731 feeit,
224 2651 346 2718 scilicet
372 2653 455 2736 quia,
480 2650 541 2718 etei
564 2652 669 2734 aliqua
694 2651 760 2717 iam
781 2651 931 2734 patimur,
966 2651 1106 2720 nondum
1126 2653 1235 2718 tamen
1270 2724 1275 2734 1

100 2755 244 2841 patimur
266 2773 344 2840 quse
366 2772 532 2822 meremur.
569 2758 662 2822 tanta
690 2759 737 2822 est
760 2755 844 2822 enim
866 2755 1082 2823 misericordia
1102 2755 1161 2834 dei,
1187 2759 1233 2834 ut,

101 2859 160 2924 etei
196 2875 254 2923 nos
288 2858 357 2941 pati
390 2858 462 2926 uult
495 2857 603 2942 aliqua
625 2859 663 2923 de
685 2858 818 2942 piaculis
852 2859 977 2937 uostris,
1012 2858 1094 2924 nolit
1127 2861 1233 2925 tamen

100 2963 214 3027 cuncta
248 2963 397 3028 tolerare:
432 2961 506 3044 quie
539 2963 674 3052 castigat
707 2963 819 3040 malos,
852 2981 913 3029 uon
947 2962 1052 3027 reddit
1083 2963 1169 3027 mala
1201 2964 1234 3026 et

69 3083 271 3150 cognoscere
294 3084 349 3132 nos
372 3067 499 3150 peccota
521 3071 628 3134 nostra
650 3068 720 3132 uult
743 3085 838 3150 qnam
860 3065 1025 3145 sustinere,
1054 3063 1175 3132 scilicet
1196 3066 1234 3129 ut

100 3173 159 3254 piis
183 3187 221 3236 ao
243 3169 422 3235 salubribus
436 3169 576 3254 flagellis
587 3171 734 3238 ostendet
751 3169 841 3237 nobis
857 3186 935 3252 quae
951 3168 1031 3234 ferre
1046 3185 1233 3246 mereamur,

99 3274 155 3339 scd
190 3273 298 3338 tumen
332 3292 393 3338 uon
425 3273 540 3340 inierat
574 3292 651 3358 qnae
684 3292 850 3352 meremur,
886 3272 973 3340 iuxta
1004 3270 1086 3338 illud
1113 3269 1236 3336 scilicet.

204 3453 428 3524 8Psol.127,'2
525 3530 527 3534 Ι

152 3647 167 3701 1
188 3651 249 3702 iiras
267 3645 397 3700 icoismus
415 3646 443 3701 A
459 3647 508 3702 ced
525 3662 594 3702 erce.
619 3662 648 3700 os
670 3645 760 3702 acteo
782 3661 817 3702 cc
840 3651 921 3715 parre
939 3647 1062 3717 cognosci
1075 3651 1166 3716 potest
1184 3661 1231 3700 no·

15 3775 16 3798 p
97 3737 171 3789 siros
191 3749 240 3788 nos
257 3733 388 3788 faciemus
406 3733 434 3789 B
519 3734 538 3786 4
555 3721 733 3801 inciperemus
746 3747 779 3786 eor
791 3731 962 3801 inciperimns
976 3732 1002 3785 A
1015 3746 1087 3786 corr.
1100 3735 1162 3786 m.1

96 3821 271 3889 incepimus
287 3819 316 3873 A
333 3820 402 3874 itero
416 3822 453 3876 id
470 3819 596 3888 ingenuit
617 3824 642 3874 et
665 3819 788 3878 homiues
809 3834 877 3874 corr.
900 3835 935 3874 nr.
955 3823 972 3874 1
989 3834 1022 3874 ecc
1045 3815 1163 3875 hominis

99 3907 132 3962 14
153 3906 271 3961 iudicari
293 3920 328 3960 aa
349 3905 465 3970 iudicare
488 3905 603 3965 Accrr.
621 3908 695 3960 Μ
799 3905 831 3960 15
854 3905 940 3974 eliqui
960 3905 1113 3960 sanctorum
1137 3901 1168 3959 Β,

99 3991 131 4046 16
154 3992 204 4062 qui
226 3991 308 4061 nihil]
332 3992 382 4060 qui
402 4007 453 4048 oct.
470 3989 601 4048 Hcinodrc
614 3997 724 4060 puncto
735 3985 826 4061 pertin
847 3997 910 4060 porc
926 3989 1101 4062 emendentur
1123 3993 1233 4043 recator

96 4081 130 4132 ut
146 4077 215 4132 crin.
234 4077 293 4132 erit.
313 4077 388 4135 docet
405 4076 466 4132 eod
480 4078 509 4134 A
526 4077 730 4145 wrederen,
752 4078 785 4132 in
801 4093 856 4146 quc
872 4092 925 4147 epo·
937 4075 1047 4146 paridam
1065 4075 1106 4130 tre
1118 4074 1232 4136 ¹corclctc

96 4164 145 4231 qui
163 4164 265 4220 inueni
368 4163 402 4218 25
419 4178 564 4233 rgnosoere
578 4179 601 4220 s.
621 4179 704 4218 sacr.
723 4163 737 4218 i:
751 4169 776 4220 et
793 4179 841 4218 nos
853 4179 876 4218 e.
888 4179 938 4218 rer.
959 4162 1000 4216 bia
1016 4177 1051 4216 ra
1064 4175 1116 4216 rec.
1135 4160 1163 4216 A
1191 4227 1194 4232 ,

97 4248 170 4319 uuit]
194 4249 303 4304 mauult
322 4249 352 4304 B
375 4250 413 4316 es.
432 4248 561 4304 111110
584 4249 632 4318 goi
655 4250 728 4306 icccc
750 4249 831 4306 amai
854 4263 969 4305 procera-
986 4245 1100 4302 cidctur
1120 4262 1156 4302 aa
1172 4253 1235 4316 post

97 4341 152 4390 nia
170 4336 220 4391 icoc
239 4335 297 4391 loco
316 4351 359 4390 ma
377 4333 508 4391 efficiere
523 4339 604 4405 potes
