3036 5004
457 397 495 452 ds
512 396 645 466 gubern.
663 395 715 452 dei
735 395 789 451 vn
812 401 827 462 ξ
846 394 922 451 1-9.
1189 393 1250 464 lod

128 589 272 674 pertibus
293 587 402 654 mundi
425 587 505 652 risus
526 585 649 652 nostros
670 586 818 651 luorimue
841 586 1086 668 consequuntur,
1107 597 1144 650 so
1165 580 1252 648 uenit

128 693 227 760 etium
241 693 274 757 in
293 690 449 774 praesenti
461 707 564 772 super
586 705 641 754 nos
662 687 743 755 illud
763 685 882 754 domini
902 685 1003 753 nostri
1024 684 1160 752 dietum:
1182 701 1251 750 use

127 795 261 880 uobis,
284 793 349 878 qui
369 792 529 870 ridetis,
552 792 735 874 quonium
757 790 930 858 flebitis.

170 915 214 981 II.
250 913 480 994 Seddorsituu,
511 929 593 978 oum·
611 911 649 977 de
672 911 803 977 ludicris
833 927 870 980 uo
892 911 1095 978 foeditatibus
1116 906 1281 993 publioisi

106 1016 309 1083 sdiutissime
331 1015 509 1093 dixerimus,
532 1015 566 1079 in
587 1013 790 1080 hoetsntnm¹
805 1013 971 1080 deteriores
995 1031 1061 1079 osse
1083 1028 1139 1078 nos
1162 1013 1251 1094 putes

128 1119 283 1204 barberio,
307 1119 380 1204 quio
401 1119 451 1184 illi
473 1120 550 1184 bueo
571 1136 633 1185 non
652 1113 747 1202 egunt
768 1135 825 1183 nos
847 1110 987 1202 murus,
1010 1119 1147 1182 osterum
1168 1113 1252 1195 ipsos

129 1222 265 1290 earnalis
292 1220 435 1288 libidinis
464 1221 578 1286 soelers
609 1223 641 1286 ot
669 1209 880 1288 dormitationis
910 1215 1050 1285 funestus
1076 1233 1169 1284 oesno
1191 1232 1252 1280 non

128 1327 175 1391 ite
197 1324 306 1409 pollui.
331 1341 552 1408 comparemus,
574 1325 601 1390 si
622 1324 736 1406 pidem,
764 1324 874 1390 esteris
897 1317 1075 1389 notionibus
1099 1317 1252 1386 seierum

128 1427 300 1512 hesperos
323 1427 488 1494 Romanos.
527 1425 707 1509 etquidem
730 1426 834 1492 neseio
858 1443 899 1491 un
929 1425 1003 1492 ullis
1026 1422 1148 1490 rentius·
1166 1439 1252 1488 eom·
1278 1425 1282 1476 ἰ

94 1556 119 1596 10
128 1533 279 1614 parentur
306 1549 399 1614 quem
426 1531 491 1607 his,
524 1549 599 1614 quos
632 1531 707 1596 deus
736 1531 768 1594 in
797 1527 901 1595 medio
932 1528 976 1593 rei
1008 1523 1157 1610 publioue'
1179 1525 1251 1590 sinu

127 1636 246 1716 positos
270 1635 465 1717 'possessores
493 1633 568 1700 decit
591 1645 628 1698 uo
658 1633 797 1699 dominos
820 1630 878 1698 soli
902 1649 966 1698 esse
988 1629 1131 1697 Romani.
1170 1627 1252 1692 unde

128 1737 275 1820 quemuis
304 1736 384 1802 nihil
417 1736 570 1819 disputari
591 1736 640 1801 de
673 1735 788 1800 iudioio
817 1734 867 1800 dei
896 1736 1010 1819 possit,
1044 1735 1252 1798 tamencum

128 1839 269 1906 ablatum
298 1839 387 1906 nobis
415 1841 493 1906 iuris
520 1840 620 1904 nostri
640 1839 792 1921 optimum
812 1839 934 1921 partem
961 1831 1100 1902 berberis'
1116 1830 1252 1909 dederit,

126 1942 303 2019 uideamus,
327 1941 423 2022 auid,
446 1941 527 2025 quod
545 1940 635 2007 nobis
650 1941 726 2007 tulit
747 1945 779 2006 et
794 1941 860 2007 illis
874 1939 1017 2020 tradidit,
1040 1933 1252 2004 iustoiudicio

94 2071 118 2111 1⁵
127 2044 296 2112 tradidisse
320 2045 471 2111 uideatur.
505 2043 625 2110 nemini
645 2043 776 2110 dubium
799 2046 847 2109 est
863 2043 1039 2127 Aquitanos
1064 2059 1100 2108 ee
1115 2037 1283 2108 Nouem-8

10 2161 11 2166 ’
127 2148 263 2232 populos
296 2147 485 2214 medullam·
503 2147 568 2213 fere
602 2148 741 2212 omnium
775 2145 950 2214 Galliarum
983 2148 1014 2214 et
1046 2147 1123 2212 uber
1155 2141 1253 2208 totius

127 2250 334 2316 seeunditetis
358 2245 714 2329 habuisss,neos01um
738 2249 947 2332 seeunditetis,
974 2250 1039 2327 sed,
1062 2265 1141 2330 ques
1164 2261 1253 2327 prue-

127 2351 202 2436 poui
230 2354 388 2419 interdum
414 2352 603 2420 seeunditsti
634 2352 751 2431 solent,
784 2351 986 2418 iuounditetis
1011 2346 1253 2435 pulohritudinis

127 2457 313 2540 uoluptatis.
358 2459 432 2523 sdeo
458 2455 527 2522 illio
554 2456 655 2522 omnis
683 2456 848 2523 admodum
873 2456 966 2539 regio
996 2455 1052 2518 eut
1086 2451 1255 2516 intertexta

93 2559 232 2627 suineis
257 2559 312 2625 ant
332 2558 496 2624 florulente
518 2558 617 2640 prutis
647 2561 702 2623 eut
724 2557 876 2624 distinete
898 2555 1031 2624 culturis
1053 2557 1108 2622 aut
1131 2553 1254 2621 uendite

128 2663 233 2744 pomis
261 2663 315 2728 sut
344 2662 506 2727 amoenute
533 2662 612 2728 lueis
635 2658 697 2728 sut
721 2661 843 2746 inrigua
865 2658 1003 2727 fontibus
1025 2660 1080 2725 aut
1100 2658 1254 2726 interisse

127 2765 315 2830 fluminibus
343 2767 398 2829 eut
426 2763 541 2830 orinite
562 2763 714 2830 messibus
737 2764 815 2847 fuit,
845 2765 881 2829 ut
908 2782 983 2829 uere
1006 2779 1197 2846 possessores
1219 2777 1255 2826 uo

128 2867 250 2933 domini
273 2870 375 2934 terroe
397 2867 483 2933 illius
505 2885 567 2934 non
590 2871 657 2934 tem
673 2867 732 2933 soli
745 2866 837 2932 istius
851 2867 1027 2950 portionem
1049 2883 1143 2949 quem
1162 2881 1256 2947 pern·

128 2969 192 3034 disi
207 2969 378 3052 imaginem
392 2971 563 3054 possedisse
576 2970 753 3037 uideantur.
777 2970 853 3052 quid
869 2987 942 3053 orgo
964 2971 1033 3052 post
1049 2968 1112 3034 iste
1129 2965 1287 3033 omniass
1344 3027 1347 3033 ,

234 3179 268 3235 26
289 3180 396 3247 huod,
413 3180 448 3234 25

182 3379 199 3432 1
219 3391 248 3430 so
267 3379 341 3432 uenit
357 3376 413 3432 AB
429 3375 477 3433 sed
493 3376 522 3430 A
538 3377 655 3434 motare
673 3379 692 3430 2
708 3389 738 3432 se
754 3375 786 3432 in
803 3375 836 3436 ud
939 3372 1144 3442 dimpraesenri
1161 3375 1192 3427 A
1217 3375 1221 3384 '

127 3466 146 3519 5
164 3464 245 3533 putes
263 3477 333 3518 eurr.
352 3477 387 3518 eu
403 3464 481 3531 putet
499 3477 531 3517 o:
558 3461 634 3531 put&
651 3475 734 3530 super
752 3462 766 3514 t
783 3475 835 3517 ser.
854 3475 888 3514 m.
905 3473 958 3515 ree.
977 3460 994 3514 d
1012 3461 1039 3514 A
1068 3461 1147 3529 putet
1163 3459 1191 3513 B

128 3552 146 3604 6
175 3549 284 3618 egimus
310 3549 338 3603 B
431 3547 499 3618 'ipso
526 3548 554 3602 B
656 3548 672 3602 7
699 3547 819 3602 oernsles
846 3545 973 3601 libidines
1000 3549 1080 3617 (corr.
1099 3546 1156 3600 ·nis
1172 3561 1207 3600 m.
1224 3547 1256 3610 2)

128 3641 159 3691 A
261 3636 293 3691 11
313 3635 364 3689 soli
380 3649 402 3689 s.
420 3649 471 3690 sor.
490 3636 579 3690 ultera
596 3635 607 3687 i
624 3633 665 3692 iit.
681 3636 748 3688 net
765 3634 793 3688 A
890 3633 923 3688 14
938 3633 1017 3702 tulit]
1036 3633 1108 3700 ‘fort
1126 3630 1202 3688 tollit
1219 3630 1254 3697 ef.

128 3721 168 3776 ud
184 3721 262 3777 Voe’
279 3711 424 3787 Halmium
442 3725 472 3774 ot
489 3720 524 3787 ef.
538 3718 655 3775 moisem
669 3718 760 3774 111⁸.
772 3735 800 3774 u.
817 3719 873 3774 fero
977 3719 1010 3774 lb
1027 3721 1068 3774 est
1087 3718 1115 3772 B
1131 3732 1152 3773 s.
1172 3716 1189 3772 1.

127 3807 341 3877 nouempopulos
357 3822 392 3864 cs
410 3807 466 3862 -lus
483 3809 512 3862 A
529 3822 601 3878 eurr.
618 3808 692 3862 Μ
729 3821 732 3826 ’
796 3806 831 3868 18,
848 3805 1015 3868 ,ΐοοωιᾱίῐαῐο
1035 3820 1056 3860 e.
1074 3821 1089 3860 e
1109 3804 1158 3871 fis.
1176 3802 1257 3863 soei

128 3895 198 3949 uod
215 3894 244 3948 A
320 3891 799 3960 :iocunditatisrsoperoseeumst
816 3892 844 3945 A
870 3907 878 3956 .‘
934 3891 1063 3960 laedes}
1076 3889 1144 3950 addo
1159 3889 1190 3944 A

130 3979 288 4042 ammodum
304 3979 336 4034 A·
348 3978 463 4034 ¹udmodo
481 3978 508 4032 B
525 3993 560 4034 m.
575 3983 593 4032 1,
696 3976 731 4030 20
747 3977 834 4032 uineis
846 3992 881 4032 eos
891 3977 980 4032 nensis
997 3977 1026 4031 A
1042 3991 1111 4032 corr.
1123 3977 1191 4030 Μ
1229 4009 1231 4016 ‹

129 4065 244 4120 onltorir
258 4079 346 4134 ¹super
361 4079 447 4120 osor.
465 4081 483 4118 u
500 4080 536 4126 m.
547 4064 613 4119 es
706 4062 813 4125 condite
829 4063 857 4119 A
875 4063 943 4130 (poe
960 4077 1029 4119 sorr.
1046 4062 1077 4116 ire
1094 4060 1208 4129 consite
1224 4064 1257 4116 ot

131 4151 263 4208 Helonius
280 4149 367 4216 refert
384 4154 503 4206 eaerum
520 4155 592 4212 reete
608 4148 714 4204 addens
730 4149 855 4219 ‘pewdrst
866 4148 953 4204 duret
964 4147 1019 4203 dere
1029 4145 1106 4213 Dese
1117 4146 1167 4204 der
1183 4145 1257 4203 oost-

132 4237 245 4303 bdume')
336 4237 377 4292 ,21
388 4236 512 4305 inriguo]
531 4235 652 4305 inrigets
668 4235 696 4290 B
793 4233 827 4296 22
845 4249 1006 4302 possessores
1024 4249 1057 4291 eu
1076 4233 1136 4304 ·ris,
1155 4232 1257 4290 domini

134 4336 169 4376 es
187 4337 233 4377 -ue
250 4328 277 4379 et
294 4323 345 4378 soii
363 4323 470 4380 ossele
487 4323 515 4376 A
537 4337 607 4380 sorr.
624 4337 658 4376 m.
676 4323 696 4376 2
1173 4351 1175 4362 ·
