2972 5000
281 397 301 464 6
765 395 923 450 Saluiaui

280 583 398 668 tudine,
422 585 516 650 bonos
538 601 658 666 semper
681 584 714 648 in
735 584 823 649 luotu
845 583 945 650 malos
969 601 1090 666 semper
1113 582 1145 648 in
1167 583 1289 667 gaudio,
1312 585 1411 650 bonos

280 687 329 752 in.
343 686 468 753 miseria
496 687 528 752 et
555 685 727 754 abiectione
758 686 857 752 malos
885 687 919 751 in
947 687 1153 770 prosperitate
1184 688 1216 752 et
1242 687 1411 771 dignitate.

251 789 418 873 iprimum
433 791 531 874 igitur
545 790 584 855 ab
598 791 647 870 iis,
672 789 725 872 qui
739 789 798 854 hoo
817 789 865 856 ita
886 807 954 856 esse
975 789 1028 855 uel
1050 789 1156 856 dolent
1177 790 1229 854 uel
1250 792 1411 870 aoousant,

279 892 359 958 illud
386 893 523 976 requiro,
555 891 593 959 de
621 892 738 959 sanetis
768 893 843 974 hoe,
875 892 908 958 id
937 896 986 958 est
1016 894 1053 958 de
1085 893 1168 959 ueris
1198 911 1234 958 ao
1261 893 1409 959 fidelibus

280 995 479 1076 Christianis,
503 1015 542 1062 an
565 996 603 1062 de
626 996 712 1063 falsis
736 999 768 1061 et
789 997 1001 1085 inpostoribus
1023 996 1158 1064 doleant.
1197 997 1223 1061 si
1245 1001 1282 1064 de
1305 997 1446 1076 faleise

280 1099 453 1183 superfluus
468 1099 564 1180 dolor,
589 1101 642 1183 qui
657 1101 755 1166 malos
772 1101 876 1166 doleat
898 1119 959 1166 non
974 1100 1082 1172 beatos
1104 1119 1180 1180 esse,
1204 1119 1273 1166 eum
1297 1102 1407 1182 utique

280 1203 465 1286 quieumque
480 1204 558 1270 mali
575 1206 650 1269 sunt
665 1221 810 1270 sueoessu
825 1223 928 1269 rerum
944 1203 1109 1270 deteriores
1124 1204 1210 1279 fiant,
1234 1204 1407 1286 gaudentes

279 1308 340 1373 sibi
362 1307 520 1390 nequitiae
542 1308 682 1375 studium
704 1310 780 1374 bene
802 1310 919 1389 sedere,
944 1313 974 1374 et
996 1308 1066 1374 ideo
1089 1309 1142 1374 uel
1164 1309 1202 1373 ob
1224 1309 1281 1373 hoe
1300 1307 1408 1390 ipsum

279 1410 445 1476 miserrimi
475 1430 541 1478 esse
570 1413 717 1492 debeant,
746 1414 783 1478 ut
813 1412 889 1479 mali
918 1431 982 1478 esse
1011 1412 1179 1491 desistant,
1211 1411 1408 1477 uindioentes

278 1514 517 1598 improbissimis
547 1515 725 1598 quaestibus
755 1534 867 1581 nomen
897 1516 1057 1600 religionis
1081 1519 1112 1581 et
1134 1513 1344 1598 praeferentes
1367 1515 1449 1580 adro·

278 1617 509 1684 sordidissimas
532 1618 756 1702 negotiationes
772 1619 904 1685 titulum
920 1619 1113 1686 sanot'tatis:
1137 1637 1267 1702 quorum
1285 1617 1408 1684 scilieet

278 1721 425 1803 nequitiis
454 1721 481 1786 si
503 1721 646 1786 miseriae
675 1726 908 1806 comparentur,
939 1723 1044 1788 minus
1073 1723 1146 1788 sunt
1175 1721 1280 1788 miseri
1311 1741 1407 1806 quam

278 1823 445 1905 merentur,
462 1825 536 1906 quia
550 1825 583 1888 in
598 1825 788 1908 quibuslibet
803 1826 938 1892 miseriis
954 1826 1118 1893 constituti
1133 1844 1195 1892 non
1210 1827 1283 1890 sunt
1297 1827 1406 1890 tamen

248 1927 344 1992 8tam
359 1927 466 1992 miseri
482 1945 575 2010 quam
591 1929 665 1992 sunt
680 1929 765 1994 mali.
789 1945 984 2011 nequaquam
1006 1947 1078 2013 ergo
1093 1948 1148 2014 pro
1163 1929 1212 1994 his
1228 1928 1407 2006 dolendum,

277 2029 357 2112 quod
381 2046 442 2094 non
465 2030 529 2095 siut
545 2029 659 2096 diuites
675 2049 711 2097 ae
727 2031 818 2109 beati,
840 2030 941 2097 multo
963 2035 1068 2098 autem
1088 2051 1142 2115 pro
1159 2031 1275 2098 sanetis
1290 2033 1406 2109 minus,
1417 2050 1443 2092 ιε

278 2131 351 2216 quie
367 2132 540 2215 quamlibet
553 2132 721 2198 uideantur
736 2134 954 2219 ignorantibus
970 2154 1036 2201 esse
1051 2135 1170 2213 miseri,
1193 2153 1254 2200 non
1276 2138 1408 2217 possunt

276 2238 381 2302 tamen
410 2254 476 2301 esse
507 2237 592 2301 aliud
615 2254 708 2319 quam
734 2237 827 2304 beati.
873 2237 1064 2322 superfluum
1086 2241 1193 2304 autem
1216 2242 1271 2316 est,
1295 2242 1329 2302 ut
1352 2254 1408 2303 eos

277 2339 432 2422 quispiam
462 2338 513 2404 uel
531 2335 726 2406 ¹infirmitate
756 2343 808 2408 uel
833 2344 1016 2425 paupertate
1046 2343 1097 2408 uel
1126 2342 1197 2408 aliis
1226 2341 1407 2408 istiusmodi

276 2445 369 2508 rebus
386 2441 543 2508 existimet
559 2462 624 2509 esse
640 2445 776 2525 miseros,
801 2448 912 2528 quibus
927 2466 960 2511 se
981 2445 1030 2511 illi
1047 2445 1184 2512 oolidunt
1200 2464 1266 2511 esse
1281 2444 1406 2521 leliees3

275 2562 365 2610 nemo
395 2546 479 2610 enim
508 2547 640 2612 aliorum
669 2566 762 2614 seusu
791 2551 885 2615 miser
913 2552 961 2615 est
991 2551 1045 2615 sed
1075 2567 1141 2616 suo.
1187 2551 1218 2614 et
1246 2548 1316 2614 ideo
1342 2567 1443 2613 nonno

274 2648 407 2727 possunt
429 2649 610 2730 cuiusquam
627 2648 704 2715 falso
720 2651 834 2717 iudicio
858 2669 924 2719 esse
947 2651 1064 2736 miseri,
1087 2652 1232 2735 quisunt
1254 2671 1327 2717 uere
1348 2670 1408 2718 sua

276 2749 463 2816 conscientia
485 2751 586 2830 beati;
609 2752 690 2817 nulli
714 2753 807 2838 enim,
832 2755 868 2818 ut
890 2755 1007 2838 opinor,
1034 2756 1187 2821 beatiores
1211 2759 1286 2821 suut
1308 2775 1406 2838 quam

275 2852 328 2934 qui
351 2872 386 2917 ex
408 2853 566 2920 sententie
590 2857 763 2939 suasique
785 2877 821 2922 ex
844 2859 916 2922 uoto
937 2861 1044 2940 agunt.
1072 2859 1206 2924 humiles
1229 2861 1305 2924 sunt
1327 2860 1405 2925 reli·

274 2957 367 3040 giesi,
397 2957 455 3022 hoe
476 2958 600 3036 uolunt3
630 2976 780 3043 pauperes
803 2964 891 3039 sunt,
922 2961 1067 3045 pauperie
1098 2962 1307 3048 delectantur3
1335 2962 1405 3028 sine

274 3059 444 3127 ambitione
466 3063 554 3141 sunt,
584 3064 739 3128 ambitum
770 3068 934 3147 respuunt3
964 3066 1106 3131 inhonori
1136 3070 1224 3145 sunt,
1254 3066 1443 3132 honoremes

272 3162 414 3247 fugiunt3
448 3165 573 3248 lugent,
608 3166 715 3250 lugere
748 3169 906 3251 gestiunt;
940 3168 1059 3234 infirmi
1093 3173 1182 3249 sunt,
1217 3168 1405 3237 infirmitate

321 3449 339 3504 3
365 3449 409 3504 his
435 3451 463 3505 Β
566 3453 584 3508 4
611 3454 691 3523 ueris]
713 3455 782 3510 uiris
809 3457 837 3511 Β
940 3457 1067 3513 fidelibus
1085 3484 1125 3514 m
1142 3463 1169 3514 et
1187 3461 1285 3530 inpost.
1304 3461 1334 3514 A

273 3537 336 3590 bin
354 3536 508 3606 pastoribus
526 3538 554 3592 Β
571 3545 640 3596 m.1
743 3541 852 3598 doleant
868 3544 916 3600 sed
934 3561 952 3598 11
967 3551 1065 3613 puuot
1083 3547 1111 3600 Β
1215 3545 1344 3601 (idoleat
1362 3572 1406 3600 m

273 3622 380 3691 eumqui
404 3622 471 3678 mali
492 3624 541 3680 sed
563 3641 624 3680 oum
645 3631 742 3695 podet.
764 3627 792 3681 A
895 3645 954 3684 oum
978 3633 1073 3701 utique
1097 3633 1258 3701 quicumque
1282 3632 1349 3688 mali
1373 3633 1404 3686 B

270 3723 339 3764 eoru.
359 3723 392 3764 ea
410 3725 469 3764 oum
487 3710 582 3780 utique
598 3712 645 3780 qni
663 3729 698 3767 m.
785 3714 1056 3771 9uindimbissimis
1073 3719 1101 3771 A
1195 3717 1228 3773 10
1245 3719 1403 3788 quaestibus

272 3794 486 3852 Ritterebueias:
514 3797 655 3865 questibus
671 3798 700 3852 A
726 3799 925 3868 quaestionibus
943 3802 972 3856 Β
1066 3805 1099 3857 11
1117 3803 1314 3874 negotiationes
1331 3807 1404 3859 uta·

271 3880 308 3935 tis
325 3897 436 3950 quorum
454 3882 482 3936 A
571 3883 603 3938 12
620 3883 711 3938 miseri
723 3909 750 3939 u
761 3886 825 3954 quia
842 3887 870 3940 A
962 3888 995 3944 14
1013 3905 1092 3959 quam
1112 3894 1213 3946 sunt-e
1225 3907 1287 3960 ergo
1304 3892 1332 3945 A

272 3966 305 4021 15
326 3982 377 4036 pro
395 3992 435 4022 aas
452 3967 520 4022 libet
541 3969 569 4022 A
674 3971 706 4024 17
727 3970 802 4026 beati
821 3997 846 4026 u
864 3976 906 4027 est
924 3976 955 4028 nt
978 3975 1006 4029 A
1110 3976 1142 4030 19
1169 3977 1277 4032 estimet
1303 3977 1331 4031 Β

269 4051 304 4105 20
327 4067 406 4107 sensu
423 4077 463 4109 u·
480 4045 635 4124 cuiusquam
649 4057 686 4109 A
789 4056 821 4112 21
849 4073 897 4113 sua
914 4084 957 4114 os·
975 4059 1106 4116 beatiores
1130 4061 1157 4115 A
1261 4063 1295 4118 23
1317 4065 1402 4132 etque

268 4138 334 4191 uoto
352 4138 380 4192 Β
476 4139 655 4195 humimlunt
673 4157 801 4212 pauperos
818 4144 846 4196 A
950 4145 984 4200 24
1002 4148 1143 4216 pauperies
1160 4148 1188 4202 A
1284 4149 1341 4203 sine
1359 4172 1401 4201 m

267 4221 410 4363 inhorpgre
423 4225 481 4293 (sie)
500 4229 565 4282 sunt
582 4228 608 4280 A
706 4227 740 4282 26
757 4227 876 4300 fugiunt]
896 4234 1027 4300 respuunt
1043 4232 1072 4286 Β
1169 4233 1273 4290 infirmi
1286 4259 1326 4288 ou
1338 4249 1400 4290 eum

267 4323 338 4363 enum
