3068 5012
509 425 548 478 ad
566 424 742 517 ecclesiam
763 425 793 482 II
811 429 827 490 5
844 425 955 482 22-26.
1234 426 1298 496 253

162 615 338 682 deuotiares
372 631 439 682 esse
471 631 527 682 nos
564 615 708 682 domiuus
746 615 806 682 sibi
843 617 935 695 uelit,
972 617 1047 699 quia
1082 617 1149 684 tam
1182 635 1295 702 magno

162 720 363 786 donationem
395 719 535 786 nostram
569 722 668 802 pretio
704 722 897 804 conparauit.
928 724 960 786 et
994 719 1065 786 ideo
1095 720 1295 788 beatissimus

161 822 284 888 Paulus
319 822 407 906 quis
440 840 548 908 ergo,
580 823 701 906 inquit,
735 841 803 890 nos
837 822 1045 907 separabit
1077 842 1097 889 a
1125 823 1295 890 caritate

159 925 339 994 Christi?
372 926 590 994 tribulatio
624 944 673 992 an
707 927 895 1009 angustia
923 943 967 993 an
997 927 1226 1010 persecutio
1249 946 1294 994 an

136 1027 289 1096 rfames
324 1044 369 1095 an
403 1029 567 1096 nuditas
600 1048 646 1096 an
678 1030 899 1114 periculum
933 1048 981 1098 an
1014 1029 1197 1114 gladius?
1234 1049 1296 1098 non

160 1132 322 1213 apostolus
355 1131 453 1200 solam
487 1133 652 1217 pecuniam
681 1151 739 1200 nec
768 1136 850 1200 solas
877 1132 986 1200 deberi
1013 1132 1142 1200 anobis
1165 1134 1295 1202 diuitias

161 1238 219 1302 deo
247 1235 337 1319 dicit,
366 1237 421 1304 sed
449 1237 686 1305 tribulationem
713 1236 894 1324 angustiam
923 1239 1039 1304 lamam
1061 1236 1201 1320 gladium
1223 1255 1295 1319 pas-

161 1339 285 1404 sionem
327 1338 509 1406 effusionem
552 1341 713 1423 sanguinis
751 1339 875 1406 animae
916 1339 1122 1408 exalatiouem
1158 1343 1295 1407 mortem

160 1441 295 1524 denique
330 1444 416 1508 omni
444 1461 613 1526 poenarum
645 1461 757 1527 genere
785 1443 960 1510 conditam:
996 1445 1078 1510 unde
1107 1443 1294 1527 intellegant

123 1570 150 1610 ιο
161 1562 270 1610 omnes
304 1545 442 1628 religiosi
471 1565 534 1614 non
564 1547 640 1612 satis
662 1565 696 1612 se
725 1545 781 1612 deo
809 1546 948 1623 reddere,
981 1547 1104 1612 etiamsi
1133 1548 1294 1612 uniuersas

162 1647 307 1712 dederint
329 1650 504 1729 facultates,
528 1650 602 1733 quia
624 1649 698 1714 licet
719 1667 776 1714 sua
798 1649 911 1714 cuncta
934 1648 1124 1730 dispensent,
1154 1651 1238 1732 ipsos
1260 1667 1293 1715 se

161 1751 270 1817 tumen
292 1753 415 1818 debent.
446 1754 477 1820 et
498 1753 577 1832 ideo,
602 1753 685 1820 sicut
699 1772 794 1837 supra
809 1753 911 1820 dicere
927 1771 1134 1836 coeperamus,
1157 1753 1183 1818 si
1198 1755 1294 1820 uidua
1302 1749 1345 1824 25

160 1858 211 1918 est
234 1856 409 1938 quaepiam,
438 1875 634 1941 nequaquam
662 1856 725 1922 sibi
746 1855 890 1922 sufficere
912 1857 952 1922 ad
975 1859 1135 1924 aeternam
1157 1857 1294 1922 salutem

159 1977 274 2024 nomen
308 1959 474 2025 uiduitatis
502 1962 604 2043 putet,
638 1959 692 2026 sed
722 1961 828 2025 uideat
858 1962 982 2042 qualem
1010 1977 1075 2026 esse
1098 1961 1129 2024 in
1153 1960 1293 2042 apostolo

0 2098 1 2107 κ
123 2062 293 2128 nsuiduam
314 2065 390 2128 daus
413 2062 522 2130 iubeat
544 2065 668 2128 dicens:
702 2081 802 2146 quae
824 2082 916 2128 uere
938 2063 1059 2128 uidua
1081 2066 1154 2139 est,
1185 2064 1293 2130 deso·

160 2167 246 2231 lata
267 2167 401 2245 sperat
424 2166 461 2230 in
485 2166 659 2247 domiuo,
691 2167 817 2230 instat
840 2165 1089 2231 orationibus
1113 2170 1230 2232 nocte
1251 2184 1293 2232 aa

161 2267 240 2348 die;
269 2288 356 2336 nam
379 2288 477 2350 quae
499 2271 537 2335 in
561 2270 727 2335 deliciis
750 2269 853 2352 agit,
882 2269 1024 2334 uineas
1048 2272 1197 2335 mortua
1220 2273 1290 2336 est.

160 2391 224 2438 uno
246 2372 413 2456 eodemque
441 2375 607 2456 praecepto
631 2371 707 2438 duas
730 2371 890 2454 apostolus
913 2370 1029 2437 formas
1051 2371 1216 2436 uiduitatis
1240 2391 1291 2438 er-

159 2475 284 2558 pressit,
309 2493 405 2542 anam
428 2476 514 2541 uitae
537 2477 669 2542 alteram
693 2473 820 2540 mortis:
844 2474 875 2540 in
891 2474 1011 2540 deliciis
1027 2480 1160 2540 mortem
1175 2475 1290 2557 posuit.

121 2595 236 2662 ao-ergo
257 2577 371 2662 absque
393 2578 487 2645 dubio
510 2579 644 2644 diuitem
660 2595 726 2644 esse
749 2595 811 2642 non
833 2578 905 2644 uult
920 2595 1014 2660 quam
1029 2577 1206 2644 deliciosam
1222 2596 1290 2644 ease

158 2700 223 2746 non
245 2681 375 2764 patitur,
397 2681 472 2764 quia
492 2683 593 2747 omnis
617 2681 736 2746 ductus
759 2681 945 2747 diuitiarum
966 2682 1000 2746 iu
1018 2699 1076 2746 usu
1100 2683 1148 2747 est
1170 2681 1291 2764 positus

160 2783 358 2860 deliciarum
389 2784 506 2868 alioqui
535 2789 655 2852 remoto
685 2803 745 2852 usu
774 2785 957 2852 deliciarum
980 2803 1088 2850 causae
1111 2802 1206 2867 opum
1229 2804 1290 2852 non

158 2888 389 2971 relinquuntur.

202 3025 276 3090 VII.
309 3023 387 3090 Cum
415 3027 521 3109 itaque
549 3026 709 3110 apostolus
736 3027 770 3091 in
792 3026 912 3092 deliciis
933 3025 1046 3092 uiduae
1069 3025 1203 3092 mortem
1226 3034 1342 3100 esse26

121 3129 392 3207 aamemorauerit,
422 3132 603 3212 promptum
632 3131 679 3194 ast
708 3129 790 3212 quod
811 3133 850 3195 ad
873 3130 957 3194 uitae
987 3129 1129 3194 aeternae
1153 3129 1290 3195 fructum

158 3233 231 3297 uult
258 3229 405 3296 uniuersa
432 3232 592 3311 distribui,
624 3233 761 3317 quinon
784 3233 854 3298 uult
877 3235 915 3298 ad
937 3231 1047 3296 mortis
1069 3250 1160 3296 usum
1185 3231 1291 3315 aliqua

160 3337 321 3402 reseruari.
359 3339 390 3402 at
412 3337 483 3403 ideo
505 3338 596 3404 dicit:
626 3356 720 3422 quaa
743 3357 833 3404 uere
855 3335 979 3402 uidua
1001 3338 1075 3415 est,
1106 3338 1291 3404 desolata

160 3443 302 3522 sperat
324 3439 361 3505 in
385 3442 555 3523 domino,
587 3441 699 3507 docens
729 3441 850 3507 scilicet
872 3458 982 3522 param
1005 3458 1082 3520 esse,
1113 3442 1139 3506 si
1162 3457 1224 3506 non
1247 3439 1291 3506 eit

261 3651 476 3720 caumata
580 3652 815 3718 151Tim.5‚5

209 3846 344 3914 ipraetio
361 3846 397 3906 A,
474 3846 604 3915 diuquid
621 3846 649 3900 Β
735 3848 855 3903 biamus
875 3864 908 3903 ccc
925 3848 1004 3902 famis
1022 3865 1091 3904 corr.
1107 3866 1142 3905 m.
1157 3854 1176 3904 2
1193 3851 1220 3905 A

157 3932 319 4001 depostulo
344 3935 371 3986 A
475 3932 507 3986 17
530 3931 631 3988 diliciis
655 3933 683 3990 A
713 3933 838 3990 dilicitiia
861 3935 889 3990 B
994 3935 1027 3989 19
1040 3941 1105 4004 psat
1123 3938 1222 3990 mortis·
1235 3952 1288 3992 rec.

157 4035 192 4076 m.
210 4017 275 4076 aaa.
294 4026 332 4076 ou.
349 4019 378 4072 A
484 4018 590 4074 deliciis
608 4019 760 4078 molliciis
778 4022 822 4090 (at
836 4021 923 4090 paulo
943 4027 1005 4089 post
1026 4022 1198 4088 deliciosam,
1221 4022 1289 4078 deli-

157 4105 267 4168 ciarum)
293 4120 365 4161 corr.
387 4107 459 4161 Μ
483 4106 511 4158 A
614 4105 646 4162 21
675 4121 766 4162 omnes
791 4106 819 4160 Β
923 4107 956 4162 22
981 4108 1102 4177 alioquin
1126 4123 1160 4163 ex
1186 4109 1288 4177 alioqui

158 4207 227 4246 corr.
245 4207 279 4246 m.
298 4193 318 4245 2
335 4193 381 4245 A·
439 4238 441 4248 .
464 4191 499 4246 aa
516 4191 676 4248 diliciarum
698 4193 755 4248 AB
777 4199 875 4248 contra
898 4195 991 4249 atatim
1014 4193 1117 4248 deliciis
1135 4194 1288 4250 aediliciis

157 4279 258 4334 aceram
275 4291 344 4334 corr.
362 4279 429 4332 m
445 4275 473 4332 A
563 4277 597 4332 25
614 4283 768 4348 promptum
786 4295 822 4334 ea
839 4283 995 4348 prumpturn
1014 4295 1083 4336 corr.
1102 4297 1137 4334 na.
1152 4285 1167 4334 1
1184 4286 1216 4336 ut
1228 4282 1287 4338 aid.

157 4362 184 4416 A
201 4379 235 4416 m.
252 4365 271 4418 2
289 4362 317 4416 Β
421 4361 454 4416 27
473 4363 604 4417 reseruari
622 4379 656 4418 cm
675 4379 716 4418 -ce
733 4381 803 4421 corr.
823 4383 855 4420 m.
873 4369 894 4420 2
912 4365 939 4420 B
975 4403 977 4410 ‹
