3068 5012
468 437 506 492 ad
525 437 707 492 ecclesiam
730 437 760 492 ll
778 441 794 503 ξ
812 437 923 493 47-54.
1198 439 1260 505 261

123 645 167 691 ac
198 625 273 691 dens
304 628 410 690 noster
440 625 519 690 nihil
547 625 647 690 tutius
677 647 713 692 ac
742 628 898 692 salubrius
928 629 1014 692 omni
1043 627 1162 692 homini
1194 645 1261 692 esse

1 789 2 808 2
124 729 246 795 dixerit
280 749 372 812 quam
406 749 473 795 rem
503 745 594 796 suam
623 734 716 813 atque
747 731 960 796 substantiam
985 730 1019 794 in
1049 749 1107 796 usu
1138 730 1261 796 miseri·

126 833 252 898 cordiae
275 834 434 900 conlocare
456 834 549 915 idque
570 835 735 916 praecipue
757 837 788 898 et
811 834 844 898 in
858 837 963 898 uetere
986 835 1018 898 et
1040 835 1072 898 in
1088 850 1170 898 noua
1191 834 1260 916 lege

126 937 329 1001 mandauerit
356 937 476 1014 dicens,
507 938 589 1018 quod
619 939 672 1019 qui
700 937 844 1003 diuidant
871 939 996 1019 propria
1023 935 1150 1000 ditiores
1172 935 1260 1015 fiant,

1 1039 2 1042 ’
102 1041 161 1104 rec
184 1040 267 1122 quod
289 1040 537 1105 misericordiae
561 1040 659 1104 morte
681 1040 802 1105 liberet.
834 1039 965 1104 etalihi
987 1043 1025 1105 dc
1045 1043 1154 1104 sancto
1177 1038 1310 1106 uircrol

126 1142 341 1226 dispersit,
376 1144 487 1208 dedit
520 1142 777 1225 pauperibus,
815 1141 982 1208 institia
1015 1142 1099 1207 eius
1131 1142 1262 1208 manet

125 1247 170 1310 in
201 1249 414 1312 aeternum.
453 1245 486 1310 in
517 1243 679 1330 euangelio
710 1263 846 1329 quoque:
877 1245 1022 1324 nolite,
1043 1244 1158 1327 inquit,
1182 1245 1261 1309 the·

125 1350 333 1415 saurizare
365 1351 480 1415 uchis
509 1350 722 1416 thesauros
754 1351 794 1414 in
817 1353 934 1416 terra.
974 1352 1157 1414 etiterum:
1188 1367 1261 1415 non

1 1527 2 1532 ἵ
125 1452 307 1534 potestis
343 1453 410 1517 deo
443 1453 596 1519 seruire
626 1459 662 1518 ct
690 1471 934 1520 mammonae.
974 1453 1158 1518 etiterum:
1188 1470 1261 1519 uae

90 1554 264 1633 ronchis,
296 1556 464 1636 diuites,
495 1558 560 1640 qui
583 1558 744 1624 habetis
768 1557 1067 1623 consolationes
1090 1559 1259 1621 uestras.

124 1659 232 1722 auaris
256 1677 376 1740 quoqne
399 1663 430 1724 ct
452 1661 694 1728 inhumanitatis
717 1660 846 1725 crimine
869 1659 945 1726 reis:
976 1660 1051 1738 ite,
1075 1659 1196 1744 inquit,
1219 1661 1259 1724 in

124 1761 259 1844 ignem
283 1767 498 1846 aeternum,
522 1782 631 1847 quem
654 1763 818 1846 parauit
840 1763 953 1846 pater
974 1762 1259 1827 mcusdiabolo

125 1867 168 1929 et
201 1865 358 1948 angelis
391 1868 487 1933 eius.
524 1887 655 1950 quorum
688 1886 768 1951 qnae
800 1884 899 1950 poena
927 1885 1049 1949 semper
1077 1866 1184 1931 futura
1206 1865 1313 1947 sitta

125 1967 221 2034 facile
250 1969 461 2052 intellegitur,
494 1972 607 2054 quibus
639 1989 703 2036 sors
734 1991 805 2036 oum
837 1970 960 2035 diaholo
990 1969 1167 2052 deputatur.
1193 1977 1261 2052 'per

88 2089 206 2153 aequae
240 2071 346 2136 tamm
380 2076 538 2138 tormenta
571 2075 708 2140 maxima
740 2092 802 2139 non
835 2073 1030 2140 atrocissima
1063 2074 1119 2138 illa
1152 2073 1184 2137 in
1215 2073 1260 2138 cis

1 2257 2 2266 ἵ
125 2173 373 2240 fornicationum
407 2178 463 2241 aut
498 2177 737 2243 homicidiorum
771 2179 827 2241 aut
860 2177 1093 2259 sacrilegiorum
1126 2176 1260 2241 crimina

124 2278 311 2358 puniuntur,
336 2279 390 2342 scd
412 2280 480 2345 sola
501 2280 719 2346 tantummodo
742 2279 876 2345 auaritia
896 2283 927 2344 ct
942 2273 1113 2346 abdicatrix
1136 2279 1259 2344 miseri-

124 2380 250 2446 cordiae
286 2381 508 2447 inhumanitas.
553 2383 635 2447 unde
672 2383 854 2466 intellegere
891 2399 945 2461 nos
984 2381 1145 2460 conuenit,
1182 2381 1311 2462 quid53

124 2485 252 2566 passuri
285 2485 350 2549 sint
383 2504 459 2568 quos
491 2489 615 2568 muctar
648 2485 710 2550 alia
743 2487 871 2568 peccata
904 2485 999 2550 etiam
1027 2483 1161 2550 ouantia
1188 2501 1258 2551 reos

86 2587 249 2664 refecerit,
284 2605 356 2653 cum
388 2607 509 2653 summo
546 2588 699 2673 supplicio
732 2588 898 2653 adficiendi
927 2588 991 2653 sint
1018 2605 1095 2670 quos
1117 2587 1258 2669 expertes

123 2692 267 2755 omnium
295 2691 492 2772 peccatorum
522 2693 621 2756 solum
648 2692 800 2756 auantiae
823 2690 942 2757 crimen
965 2694 1065 2757 morte
1090 2691 1256 2757 damnarit.

124 2811 206 2875 quac
235 2793 345 2876 utique
368 2793 395 2858 si
417 2795 526 2861 futura
549 2795 655 2861 omnia
684 2794 848 2879 credimus,
878 2796 995 2877 absque
1021 2793 1116 2860 dubio
1139 2794 1259 2860 euitare

125 2897 284 2964 dehemus.
321 2899 349 2963 si
379 2899 484 2964 autem
519 2917 580 2964 non
614 2898 800 2980 deuitamns,
833 2899 970 2980 profecto
1000 2915 1062 2962 non
1092 2897 1258 2964 credimus.

123 2999 282 3066 siautem
304 3021 365 3066 non
388 3002 551 3082 credimus,
583 2999 753 3068 Christiani
779 3019 977 3084 nequaquam
999 3019 1123 3085 sumus3
1159 3018 1259 3083 neque

85 3105 212 3170 acenim
233 3123 399 3187 possumus
423 3123 612 3188 quemquam
635 3105 738 3170 dicere
755 3103 980 3183 christianum,
1004 3105 1059 3188 qui
1081 3123 1143 3170 non
1164 3106 1257 3187 putat

124 3206 251 3272 Christo
273 3227 338 3273 csse
365 3209 561 3274 credendum.

166 3344 241 3410 XII.
273 3345 331 3412 Sed
355 3347 421 3410 esto
450 3346 521 3411 illas
544 3363 621 3429 quos
644 3365 738 3430 supra
762 3347 896 3412 diximus
921 3364 1034 3430 poenas
1057 3363 1119 3411 non
1142 3344 1310 3420 timec-54

2 3525 3 3540 χ
120 3467 195 3514 mus
224 3450 285 3514 roi:
322 3450 476 3534 numquid
510 3451 607 3516 etiam
642 3451 815 3533 praemium
845 3469 969 3534 sperare
1000 3467 1164 3534 possumus
1181 3467 1255 3514 non

2 3553 4 3682 p
119 3553 304 3618 merentes?
342 3553 373 3617 et
404 3553 474 3618 idco
508 3551 535 3618 si
568 3571 639 3637 opes
673 3571 735 3618 non
770 3555 881 3643 damus
911 3553 949 3618 ob
979 3555 1176 3636 pcccatorum
1206 3565 1255 3615 re·
1288 3545 1291 3556 '

228 3755 335 3810 creor.
354 3757 447 3824 111,c
535 3757 669 3812 anaor.
687 3755 711 3824 c,
732 3745 793 3812 re'
855 3758 990 3813 onaan.
1010 3757 1034 3824 a,
1052 3757 1094 3812 ac.
1131 3755 1195 3813 nuc.
1215 3757 1256 3822 rc,

2 3887 3 3892 ,
119 3841 159 3897 13
192 3845 258 3896 Luc.
275 3842 300 3908 6,
318 3843 352 3896 24
457 3844 487 3898 11
506 3843 606 3899 Matth.
623 3844 666 3909 25,
684 3843 717 3898 41

176 4031 192 4084 1
215 4033 307 4086 noster
325 4032 355 4086 br
381 4047 436 4086 non
460 4032 517 4086 AB
534 4032 569 4099 cf.
587 4048 676 4102 cupro
694 4033 736 4087 ud*
749 4039 775 4098 ὅ.
794 4035 831 4087 39
935 4032 1021 4087 totins
1044 4030 1072 4084 B
1173 4030 1192 4083 4
1214 4029 1256 4082 di-

2 4151 3 4156 κ
116 4116 223 4172 cniorcs
242 4119 301 4187 (sic)
318 4119 347 4172 A
441 4119 462 4171 >7
479 4118 636 4188 euuangelio
655 4119 683 4172 A
776 4119 929 4187 inquid(ut
942 4119 1025 4172 mam
1037 4117 1138 4182 rtatim
1159 4115 1186 4170 B

117 4205 138 4258 9
166 4219 317 4258 mammone
342 4205 399 4259 AB
504 4204 536 4259 12
563 4205 717 4275 properauit
744 4205 771 4259 B
874 4203 982 4260 diabolo
1005 4217 1040 4258 ca·
1057 4200 1166 4257 diabulo
1185 4215 1255 4256 corr.

117 4305 157 4346 m.
174 4293 194 4345 2
214 4291 243 4344 A
270 4290 380 4345 diabulo
406 4290 434 4344 B
454 4292 528 4358 (dem
544 4292 648 4360 matha)
753 4289 786 4345 13
801 4291 861 4344 aius
878 4290 919 4344 B:
949 4289 1005 4344 suis
1023 4288 1057 4356 A,
1085 4289 1134 4358 qut
1152 4292 1179 4342 et
1196 4287 1257 4356 apoc

117 4375 201 4442 infra
218 4375 284 4430 IIII
297 4383 321 4442 §-
340 4379 380 4432 20
398 4380 479 4433 ct29
496 4377 576 4433 lactet
594 4378 670 4444 eiusp
690 4378 726 4445 cf.
744 4377 782 4432 cd
801 4378 821 4432 1
836 4380 870 4432 54
1243 4406 1246 4414 .
