3068 5012
271 437 336 506 246
761 437 918 492 Saluiani

272 647 367 710 snper
389 647 459 711 spes
481 630 552 694 tuas
574 647 703 694 munera
725 646 783 694 sua
805 629 846 706 et,
869 628 951 711 qnod
967 631 1015 693 est
1033 627 1203 692 marimum
1220 647 1257 693 ao
1278 628 1403 694 rarissi-

239 733 369 810 4mnm,
400 735 480 797 dona
505 732 592 797 illius
615 733 712 798 etiam
735 735 790 796 tua
810 733 886 797 nota
908 731 1062 796 uicerunt.
1100 732 1179 796 addo
1203 735 1310 797 autem
1332 733 1406 814 post

270 836 335 902 ista
357 836 472 914 omnia,
503 835 584 918 quod
612 835 696 900 idem
724 834 878 914 dominus,
907 834 961 919 qui
983 836 1015 899 te
1038 834 1176 916 primum
1198 853 1325 899 munere
1347 853 1405 900 suo

272 940 392 1022 gennit,
427 942 533 1020 postea
567 938 665 1004 etiam
698 938 840 1020 passione
874 937 1020 1016 saluauit,
1055 937 1136 1018 qnod
1170 941 1298 1021 propter
1320 939 1404 1015 te,o

272 1043 374 1122 homo,
397 1042 513 1106 terram
536 1059 573 1105 ac
594 1040 708 1118 lutum,
732 1041 829 1106 immo
846 1041 989 1123 exiguam
1012 1044 1113 1105 terrac
1129 1058 1165 1104 ac
1187 1041 1249 1105 luti
1270 1045 1402 1125 partem,
1429 1063 1446 1104 s

271 1165 377 1212 rerum
405 1147 621 1226 uniuersarum
651 1145 795 1210 dominns
818 1148 918 1210 terras
943 1144 1030 1222 adiit,
1054 1163 1090 1210 ex
1113 1161 1207 1210 carne
1229 1145 1349 1227 pariter
1372 1146 1405 1210 et

271 1250 304 1315 in
333 1267 423 1315 carne
456 1251 616 1335 prooessit,
650 1247 834 1314 humiliatus
863 1268 960 1332 usque
988 1249 1027 1313 ad
1050 1248 1182 1313 humani
1205 1250 1322 1316 exordii
1344 1269 1404 1332 pn-

273 1354 377 1419 dorem
401 1356 431 1416 et
453 1371 625 1434 pannorum
656 1352 811 1416 inluuiem
833 1352 865 1416 et
886 1352 1040 1436 praesepii
1070 1351 1236 1429 uilitatem,
1265 1351 1404 1432 tolerans

271 1456 416 1539 indignas
439 1475 471 1521 se
493 1458 579 1521 uitae
601 1455 694 1521 istius
717 1455 878 1538 passiones
902 1453 1014 1521 edendi
1035 1453 1171 1535 bibendi,
1195 1455 1298 1522 somni
1320 1456 1404 1540 uigi-

271 1560 386 1626 liarum
416 1575 525 1644 aegras
555 1557 787 1625 uicissitudines
811 1561 842 1623 et
873 1561 1007 1624 caducae
1036 1558 1129 1622 istius
1161 1557 1405 1624 conuersationis
1415 1581 1447 1620 rc

272 1662 511 1730 contumeliosas
543 1655 755 1738 necessitates,
769 1675 773 1684 ¹
786 1664 887 1744 ipsam
916 1661 1047 1743 denique
1074 1661 1248 1727 hominnm
1266 1662 1348 1728 circa
1370 1679 1404 1726 se

272 1759 524 1833 condensantinm
554 1755 704 1832 faetidam
734 1760 1021 1848 commorationem,
1056 1763 1185 1846 populos
1207 1766 1405 1847 peccatorum

273 1869 467 1937 sordentium
496 1867 562 1935 luto
593 1868 715 1947 oblitos,
751 1864 874 1951 semper
904 1870 1005 1934 malac
1033 1867 1237 1934 conscientiae
1259 1869 1405 1934 admissis

272 1991 350 2052 reos,
382 1973 521 2054 turpium
545 1989 581 2036 ex
603 1988 635 2035 se
658 1973 785 2035 actuum
815 1971 957 2036 nidorem
985 1971 1144 2036 eralantes
1175 1972 1207 2036 et
1234 1971 1304 2036 ideo
1334 1987 1405 2036 oae-

273 2075 402 2141 lestium
424 2075 660 2158 praeceptorum
683 2073 847 2159 incapaces
871 2093 928 2140 nec
951 2075 1142 2140 sustinentes
1168 2077 1246 2141 sacri
1271 2075 1448 2160 fulgorisrs

273 2180 374 2255 iubar,
405 2181 478 2262 quia
500 2177 673 2263 caligantes
696 2177 833 2262 peccatis
856 2181 961 2245 oculos
985 2177 1131 2260 splendor
1154 2180 1253 2243 diuini
1274 2177 1406 2244 luminis

242 2275 434 2351 5obruebat.
465 2297 520 2348 neo
542 2283 642 2348 solum
665 2284 732 2362 hoe,
756 2287 810 2349 sed
833 2284 904 2365 post
925 2283 1002 2349 haec
1020 2283 1124 2349 omnia
1140 2283 1219 2346 adde
1241 2285 1405 2364 proteruas

273 2386 483 2470 superbientis
516 2385 623 2470 populi
657 2385 917 2452 contradictiones
940 2385 1017 2451 adde
1041 2387 1180 2451 conuicia
1202 2386 1281 2451 adde
1305 2387 1404 2451 male-

274 2489 377 2569 dicta,
410 2491 530 2573 inpiam
563 2485 803 2554 insectationem
838 2490 1052 2554 testimoninm
1086 2473 1227 2575 falsum,
1252 2489 1406 2554 iudicium

274 2595 438 2660 cruentum
453 2591 619 2658 inrisiones
634 2593 751 2677 populi,
776 2595 868 2676 sputa
883 2595 1021 2668 uerbera,
1046 2590 1259 2658 acerbissimas
1277 2591 1406 2676 quidem
1415 2611 1446 2653 ao

272 2715 387 2780 poenas
417 2698 473 2762 sed
503 2697 709 2781 indignitates
739 2697 846 2779 poenis
874 2696 1057 2776 acerbiores,
1088 2713 1233 2764 eoronam
1262 2697 1405 2780 spineam

274 2802 355 2866 aceti
377 2800 523 2884 poculum
547 2799 652 2866 cibum
676 2801 770 2881 fellis,
793 2803 978 2867 damnatum
992 2797 1032 2867 ab
1047 2801 1227 2866 hominibus
1243 2802 1405 2866 dominum

272 2903 491 2968 uniuersorum
521 2906 707 2986 pendentem
729 2905 763 2969 in
785 2905 926 2986 patibulo
957 2906 1086 2971 humani
1116 2905 1239 2988 generis
1269 2903 1406 2971 salntem

274 3007 367 3072 deum
389 2993 528 3072 terrenae
551 3004 740 3074 condicionis
763 3009 832 3093 lege
855 3008 1052 3078 morientem.

243 3111 264 3178 6
317 3110 359 3176 li.
391 3109 477 3193 Quae
494 3099 572 3177 'oum
594 3110 641 3177 ita
664 3109 738 3190 sint,
770 3111 957 3195 quicumque
989 3111 1044 3178 ille
1068 3110 1123 3180 aut
1146 3113 1271 3178 sanetus
1294 3129 1326 3176 es
1350 3112 1446 3175 autes

275 3218 419 3280 sanetum
440 3218 473 3280 te
496 3231 560 3280 esse
582 3211 690 3294 credis,
713 3217 762 3282 dic
783 3214 872 3295 mihi,
905 3234 1030 3299 quaeso,
1053 3207 1208 3301 numquid
1227 3213 1306 3282 solui
1328 3215 1407 3279 hacc

275 3317 341 3384 sola
372 3317 512 3400 possunt,
547 3313 643 3385 atiani
675 3317 704 3384 si
736 3317 825 3384 nulla
853 3317 916 3387 alis
948 3311 1153 3386 debeantur?¹
1180 3317 1408 3402 quicqnidlibet

275 3420 359 3486 enim
390 3421 482 3487 homo
511 3421 652 3506 prodeo
681 3414 838 3504 perferat,¹
861 3420 942 3488 solui
965 3423 1091 3488 omnino
1114 3441 1175 3488 non
1197 3423 1302 3505 potest
1324 3422 1408 3505 quod

275 3524 351 3589 deus
379 3531 434 3608 pro
461 3523 588 3590 homine
610 3519 772 3611 perpessus
796 3528 853 3605 est,
882 3524 955 3610 qnia
978 3523 1104 3592 etiamsi
1124 3527 1229 3608 passio
1252 3526 1322 3610 ipsa
1344 3539 1406 3591 non

328 3679 341 3734 1
369 3677 1212 3750 οιε.1,,111.ω.11,,11.11,·11111111111111
1238 3679 1337 3750 quodq.
1402 3719 1415 3750 .,

274 3765 388 3819 {iterra
410 3764 439 3818 A
538 3766 724 3834 postterram
740 3780 765 3845 pq
781 3764 798 3846 1.
816 3763 1009 3847 aspecto.
1026 3766 1144 3836 suscepit
1166 3767 1193 3822 Β
1227 3827 1229 3843 Ι
1295 3767 1407 3836 Sproo·

275 3849 343 3920 septi
367 3851 415 3905 alt.
433 3849 444 3902 i
462 3865 497 3904 ac
514 3854 600 3918 parte
624 3863 691 3906 eras.
712 3843 754 3903 'A‘
770 3845 891 3920 praesepi
910 3867 944 3906 aa
960 3843 1100 3922 praesepis
1116 3867 1186 3907 corr.
1203 3868 1238 3909 m.
1258 3853 1278 3906 2
1300 3849 1342 3918 B,·
1369 3851 1407 3918 cf.

273 3937 401 3994 11011111
419 3935 498 3992 Italo
514 3953 542 3990 a.
559 3936 677 4007 Vutpotc
690 3952 722 4004 p.
736 3938 795 3992 260
891 3937 1019 3992 tollersns
1036 3938 1065 3993 Β
1084 3944 1110 3993 et
1128 3953 1197 3994 eras.
1216 3939 1264 3994 att.
1281 3938 1293 3993 l
1309 3940 1337 3993 A

273 4022 421 4081 amdam
437 4023 466 4077 Β
578 4022 613 4078 13
629 4021 754 4078 annisis
772 4023 986 4082 assessurae:
1012 4023 1134 4080 commo
1150 4024 1342 4082 Amorum
1359 4024 1408 4080 sd·

274 4108 339 4164 nisu
359 4108 518 4178 suspicatur
540 4107 705 4178 11«th
732 4109 768 4175 cf·
786 4107 851 4168 sso.
867 4109 932 4167 ΠΙ
945 4126 966 4166 a
983 4127 1012 4166 u.
1035 4109 1182 4168 admissam
1255 4137 1257 4147 ν
1287 4111 1320 4166 18
1343 4126 1408 4166 con·

274 4195 391 4253 nitiaB
476 4195 530 4252 221
548 4194 753 4252 sentiemes
768 4195 912 4252 aterbioris
930 4213 1000 4254 corr.
1018 4198 1137 4254 ΜΒ
1207 4198 1408 4256 :adsunam

274 4282 348 4338 nrm.
367 4296 429 4351 gon.
447 4280 489 4336 ed.
507 4281 645 4338 Boionius
720 4281 783 4337 ,24
804 4285 926 4353 mamae
943 4296 1046 4341 oram
1069 4287 1097 4340 A
1157 4315 1168 4340 a
1200 4283 1409 4344 antinous-B

273 4366 437 4422 condicionis
455 4383 491 4423 aa
508 4366 670 4422 conditionis
689 4382 757 4423 corr.
777 4383 878 4424 essm
895 4373 923 4424 A
