2972 5000
238 371 308 427 VIII

238 559 420 634 censendo
447 558 692 634 adhibitorum
711 569 747 633 et
764 559 827 634 uia
852 559 892 632 in
917 559 1181 636 constituendis
1201 556 1364 634 Saluiani

236 679 361 754 uerbis
388 705 411 752 Θ
438 703 498 752 Θ]]Θ
524 677 615 752 inita
641 689 878 754 monstretur.

287 833 406 932 Igitur
432 859 526 932 quos
553 831 705 907 adhibui

346 971 393 1044 in
418 968 566 1044 libris
594 968 682 1043 VIII
711 970 763 1044 de
790 967 1150 1068 gubernatione
1177 968 1254 1043 dei

235 1109 379 1186 codices
405 1107 445 1181 hi
471 1117 575 1182 sunt:

272 1247 307 1320 Α
336 1279 382 1313 =
411 1246 526 1321 codex
559 1243 793 1327 Gorbeiansis
825 1270 926 1327 nunc
955 1243 1144 1335 Parisinus
1170 1272 1206 1319 n.
1238 1245 1363 1318 13385

335 1391 429 1440 saec.
447 1363 493 1456 X,
521 1363 688 1438 omnium
716 1362 902 1462 q'uotquot
924 1362 1167 1438 innotuerunt
1193 1362 1364 1438 codicum

335 1496 371 1560 et
388 1483 664 1582 antiquissimus
683 1495 719 1557 et
737 1483 909 1582 optimus.
934 1483 1012 1584 ipse
1031 1495 1115 1584 post
1133 1483 1363 1558 Halmium

335 1603 485 1680 contuli.
534 1603 747 1678 nitidissime
782 1603 903 1704 prima
938 1629 1052 1678 manu
1087 1615 1257 1678 exaratus
1285 1630 1363 1678 sex-

335 1725 449 1800 centis
475 1724 567 1799 lccis
594 1724 736 1821 antiqui
757 1750 805 1798 ne
824 1723 945 1799 dicam
962 1723 1128 1822 aequalis
1147 1725 1362 1810 correcturis

334 1857 449 1921 curas
470 1855 640 1944 expertus
659 1853 714 1918 est
732 1843 856 1918 dedita
879 1869 992 1944 opera
1010 1855 1046 1918 et
1073 1845 1362 1920 fructuosissime

333 1965 374 2038 in
414 1986 457 2039 eo
498 1965 668 2063 negotio
692 1964 848 2054 uersati3
895 1956 1068 2038 uideiicet
1109 1964 1211 2038 baud
1245 1983 1364 2064 pauca

334 2082 423 2158 olim
456 2070 688 2175 aberratione
722 2081 918 2158 ocqurum
952 2083 1088 2157 omissa
1123 2083 1164 2193 in
1192 2083 1370 2182 margiae'

332 2203 485 2314 adIecit
503 2185 686 2319 'permulta
708 2228 803 2301 quae
830 2187 969 2302 prima
976 2226 1110 2276 manus
1137 2215 1269 2303 utpote
1292 2205 1363 2279 dn

332 2341 440 2423 guae
455 2323 591 2398 latinae
617 2335 666 2396 ΘΘΘ
690 2323 929 2397 mediocriter
942 2323 1104 2421 quidem,
1131 2336 1174 2397 ut
1198 2324 1301 2399 uidet
1286 2335 1357 2419 t,ur

330 2445 450 2544 perita
475 2441 717 2518 tuscanico
742 2442 947 2520 distributis
967 2443 1020 2538 (in
1036 2443 1242 2545 archetypo
1261 2445 1364 2518 enim

332 2564 636 2663 singularitates
663 2563 787 2662 spatio
809 2563 906 2636 inter
923 2585 966 2638 ’ΘΘ
989 2577 1114 2638 ruacuo
1133 2565 1294 2639 caruisse
1321 2565 1368 2638 ins
1481 2549 1482 2552 Ἴ

330 2694 460 2784 aperto
503 2678 574 2786 est]
609 2682 800 2782 'produxit
840 2671 932 2757 uera
974 2699 1111 2758 uocum
1160 2684 1360 2760 latinarum

331 2813 498 2878 monstra
530 2803 697 2897 remouit
731 2802 1016 2902 interpungendi
1054 2803 1239 2878 rationem
1269 2805 1365 2880 scite

333 2921 498 3012 correxit.
538 2922 668 2996 tertiae
695 2920 859 3032 denique
893 2947 1025 3009 manus
1054 2921 1206 3042 eiusque
1231 2949 1359 3012 recen-

330 3042 493 3118 tissimae
505 3021 834 3162 temptaminibus‚
864 3041 1087 3140 paucissima
1108 3043 1140 3155 si
1158 3046 1354 3149 exceperis,

305 3141 586 3268 ¹infelicissimis
613 3174 657 3238 ut
683 3173 837 3298 apperte
838 3189 906 3250 um
921 3163 1089 3254 criticum
1115 3146 1307 3252 onerarem
1333 3193 1356 3252 Θ

244 3367 246 3374 ,
296 3362 311 3370 ,,
330 3311 390 3372 me
415 3284 602 3397 inpetrare
627 3310 707 3396 non,
731 3309 780 3384 po
784 3281 856 3382 tui3
894 3273 1079 3374 secundae
1104 3311 1195 3384 uero
1222 3272 1356 3380 manus

267 3404 391 3505 (m.
407 3401 449 3514 2)
478 3403 605 3490 uarias
627 3391 868 3516 scripturasf
862 3431 927 3524 ere
951 3405 1114 3509 integras
1141 3389 1327 3496 adnotaui.

264 3497 376 3640 Β-
329 3596 376 3630 2-
398 3530 518 3662 codes
532 3541 933 3639 Bruretleasisnncc
885 3546 985 3630 628
1014 3569 1114 3627 saec
1126 3545 1226 3631 XIII
1247 3571 1365 3644 quent

330 3687 415 3748 oum
441 3671 488 3754 ut
509 3661 590 3762 ipsa
610 3673 820 3760 excuterent
837 3689 917 3751 nou
932 3675 1019 3744 oont
1012 3664 1177 3766 ingeret,
1146 3665 1236 3743 tid
1255 3665 1364 3764 quod

268 3819 270 3827 ·
327 3780 490 3882 prinum
528 3782 852 3882 muraenae
852 3783 896 3870 ia
931 3784 1058 3882 riuus
1088 3784 1278 3884 dolebant
1310 3785 1365 3872 Ο,

276 3965 291 3976 .-
324 3899 502 4004 Keller,
539 3901 600 3992 uir.
631 3901 1008 4002 obtentionibus,
1040 3907 1235 4002 ΘΘΘΘΘΘΟΘΘ
1260 3907 1364 3993 forto

328 4020 450 4096 oblata
476 4021 635 4121 inspexit
661 4023 727 4099 sed
753 4049 828 4099 non
854 4024 1041 4122 integrum
1069 4025 1232 4120 contulit,
1267 4027 1355 4125 quia

311 4167 403 4234 non
429 4140 552 4240 potuit
577 4167 654 4217 non
681 4142 752 4218 sibi
778 4144 1003 4254 persuadere
1029 4143 1071 4220 O.
1101 4143 1355 4240 Foltaium,

327 4259 395 4358 qui
418 4260 457 4336 in
485 4260 528 4338 (I.
557 4257 741 4362 flainus,
766 4285 878 4362 Utbm
903 4261 1083 4362 faunu,
1104 4246 1247 4358 codicis
1269 4291 1358 4343 con-
