3068 5012
288 418 352 486 240
774 416 930 472 Saluiaui

289 608 475 689 praeteritae
498 607 669 688 uoluptatis
686 609 900 688 praesentium
916 608 1121 690 asperitatum
1137 608 1214 672 dura
1228 611 1417 691 conpensant
1526 665 1527 668 ,

290 711 322 780 et.
354 714 479 777 reatum
513 712 679 793 longarum
712 710 895 779 deliciarum
929 710 1029 776 officio
1063 711 1285 794 patrocinantis
1314 713 1418 778 soluat

288 814 430 880 iniuriae.
469 814 522 880 sed
551 813 671 895 quando
699 814 779 880 haec
808 819 875 879 tam
908 815 1041 898 grandin
1075 815 1180 898 faciet,
1215 815 1320 881 uicino
1352 817 1418 882 iam

236 920 372 990 bdcxitu
395 918 493 983 etiam
515 936 533 983 a
555 918 757 984 mediocrium
779 917 900 982 actione
924 917 1100 986 disclusus?
1123 919 1266 985 crucibus
1282 919 1418 1002 denique

289 1023 482 1089 diuersarum
504 1039 725 1087 aerumnarum
747 1040 835 1090 reum
857 1019 889 1083 in
911 1038 968 1086 suo
991 1038 1115 1102 corpore
1145 1022 1304 1089 hominem
1325 1024 1418 1089 iudex
1435 1049 1454 1112 a

288 1125 361 1191 fidei
384 1125 535 1191 seueritas
559 1125 749 1206 subiugabit,
774 1129 809 1191 ut
831 1124 1060 1207 indulgentiam
1078 1124 1199 1194 scilicet
1214 1127 1417 1200 absolutionis

288 1231 431 1293 aeternae
453 1227 626 1309 praesentis
648 1247 763 1310 poenae
786 1227 957 1295 ambitione
980 1233 1146 1294 mereatur.
1178 1231 1232 1297 sed
1254 1229 1417 1297 fatiscente
1526 1213 1527 1220 ἵ

288 1333 352 1397 iam
373 1349 501 1412 corpore
523 1330 582 1398 ubi¹
600 1332 753 1397 exercebit
772 1331 975 1401 districtionis
991 1331 1131 1399 officium
1147 1351 1251 1400 censor
1270 1335 1418 1401 animus?
1526 1407 1527 1410 ,

288 1434 336 1500 uti
366 1436 450 1499 enim
479 1435 656 1501 seueritatis
686 1434 817 1500 arbitrio
844 1435 937 1500 iudex
966 1453 1027 1500 uon
1056 1437 1169 1519 potest,
1201 1438 1322 1518 quando
1345 1457 1417 1504 reus
1526 1459 1527 1474 ³

236 1547 276 1611 51
287 1541 353 1605 iam
374 1556 437 1603 non
459 1541 592 1604 sustinet
614 1538 756 1605 iudicari.
789 1557 887 1604 unum
905 1557 977 1621 ergo
994 1543 1051 1616 est,
1076 1540 1157 1622 quod
1179 1541 1300 1606 amissis
1315 1543 1456 1609 omni-10

287 1642 346 1707 bue
370 1643 559 1708 adiumentis
588 1646 681 1724 atquc
710 1642 858 1709 subsidiis
889 1643 1014 1710 nutanti
1037 1663 1074 1708 aa
1096 1643 1247 1710 destituto
1270 1646 1418 1726 opitulari

288 1746 390 1828 queat,
414 1747 451 1810 ut
472 1745 632 1828 confugiat
654 1746 776 1810 scilicet
793 1745 831 1810 ad
847 1746 926 1812 illud
947 1747 1122 1812 beatissimi
1137 1747 1276 1814 Danielis
1292 1767 1418 1815 sacrum

289 1867 324 1914 ao
352 1849 477 1913 salubre
506 1849 684 1914 consilium:
717 1848 771 1930 qui
793 1849 966 1931 Babylonio
995 1853 1062 1933 regi
1089 1852 1209 1918 mederi
1235 1853 1344 1919 uolens
1366 1853 1419 1916 61-
1526 1901 1527 1906 1

289 1952 408 2017 ceribus
431 1951 468 2016 de
490 1951 655 2018 offensione
688 1954 855 2018 contractis
883 1953 1041 2036 malagma
1064 1955 1102 2019 de
1124 1954 1323 2022 miseratione
1345 1973 1417 2020 con-

287 2057 391 2137 posuit
425 2057 550 2120 dicensi
582 2056 741 2139 propter
778 2060 893 2138 quod,
929 2077 1009 2135 ren,
1048 2059 1263 2125 consilium
1294 2078 1456 2129 meumre

288 2162 448 2242 placeat
470 2159 565 2239 tibi,
588 2165 626 2224 et
647 2161 947 2242 peccatatuain
963 2161 1253 2228 misericordiis
1269 2163 1417 2228 redime
1526 2235 1527 2240 ἵ

288 2271 325 2333 et
347 2263 580 2330 iniustitias
601 2267 689 2328 tuas
711 2265 754 2328 in
776 2265 1055 2330 miserationes
1081 2284 1310 2349 pauperum:
1340 2266 1416 2330 for·
1526 2245 1527 2274 ἶ

288 2376 393 2436 tasse
427 2369 504 2433 erit
536 2367 698 2450 patiens
730 2367 913 2433 dominus
942 2368 1105 2434 delictis
1133 2373 1226 2435 tuis,
1265 2371 1312 2434 ita
1343 2387 1415 2453 ergo

237 2477 278 2541 52
289 2479 320 2541 et
342 2477 402 2539 1616
431 2473 537 2555 iaciat,
570 2475 606 2535 ut
635 2472 690 2536 illc
721 2471 809 2537 dixit.
847 2474 958 2536 utatur
980 2471 1206 2538 medicamento
1230 2473 1285 2538 alii
1308 2472 1414 2538 oblato

288 2580 327 2644 ad
344 2596 405 2650 sua
426 2576 568 2658 uulnera,
592 2577 736 2640 uersatur
752 2575 965 2642 contumaciae
980 2576 1208 2643 inoboedientis
1225 2577 1414 2659 exemplum,
1425 2603 1456 2643 so

288 2683 403 2765 cogitet
426 2682 500 2763 quid
522 2682 588 2761 ipse
609 2681 651 2744 sit
673 2697 822 2761 passurus
844 2681 875 2743 in
899 2684 1008 2764 morto,
1040 2700 1112 2746 cum
1134 2681 1243 2745 uideat
1266 2679 1341 2762 quid
1362 2698 1416 2743 ren

288 2786 435 2866 Assyrius
472 2784 638 2866 pertulerit
664 2785 707 2868 in
743 2784 819 2848 uita.
872 2784 1000 2848 euidens
1038 2786 1087 2849 est
1124 2784 1162 2849 de
1197 2784 1343 2868 superbia
1379 2801 1417 2847 ac

280 2887 455 2958 ‚rebellione
483 2889 716 2953 documentum.
753 2887 929 2952 consideret
957 2907 995 2953 an
1025 2887 1102 2969 ipse,
1131 2891 1158 2952 si
1186 2906 1248 2954 non
1269 2887 1417 2966 audierit,

288 2994 430 3058 mortuus
464 3009 611 3056 euasurus
644 2990 696 3066 sit,
731 3009 803 3055 cnm
837 2991 942 3055 uideat
976 2992 1058 3073 quod
1090 3010 1143 3059 rex
1172 2992 1241 3069 ille,
1271 2991 1324 3073 qui
1354 3009 1417 3056 non

287 3096 417 3179 audiuit,
445 3115 479 3160 se
507 3097 609 3178 ipsum
641 3097 731 3160 uinus
762 3093 880 3158 amisit.
918 3095 1027 3160 offerat
1050 3114 1121 3180 ergo
1145 3097 1196 3160 661
1218 3095 1353 3159 moriens
1377 3098 1417 3160 ad
1427 3120 1457 3161 aa

288 3201 481 3266 liberandam
510 3199 547 3264 de
576 3196 763 3280 perennibus
793 3196 899 3278 poenis
930 3199 1068 3263 animam
1098 3218 1197 3280 suam,
1228 3197 1301 3280 quia
1329 3198 1418 3263 aliud

288 3305 352 3368 iam
373 3322 434 3368 non
456 3303 571 3386 potest,
601 3300 708 3366 saltim
729 3300 943 3367 substantiam
971 3321 1070 3379 suam,
1099 3301 1152 3367 sed
1174 3302 1285 3368 offerat
1309 3304 1418 3367 tamen

290 3425 361 3471 cum
383 3405 608 3486 conpunctione
631 3423 702 3470 cum
724 3405 874 3483 lacrimis,
898 3405 1008 3470 offerat
1024 3424 1095 3470 cum
1111 3405 1215 3471 dolore
1231 3423 1304 3470 cum
1318 3406 1384 3470 luct
1408 3457 1416 3471 .

238 3508 381 3574 53alitcr
404 3509 518 3591 quippe
540 3509 644 3572 oblata
664 3527 726 3575 non
752 3511 893 3590 prosunt,
923 3509 1078 3592 quianon
1101 3509 1202 3591 pretio
1225 3508 1280 3586 sed
1302 3508 1418 3574 affectu

393 3721 426 3774 15
449 3721 517 3774 Dan.
537 3721 563 3786 4,
581 3720 615 3774 24

341 3919 358 3972 2
384 3919 537 3975 diliciarum
563 3918 619 3972 ΑΒ
721 3919 738 3974 3
762 3919 880 3972 incuriae
903 3919 944 3976 ccl.
970 3919 1107 3978 abactae
1209 3920 1226 3973 5
1252 3918 1332 3975 index
1353 3918 1417 3972 fidei

289 4007 492 4062 accersendas
591 4005 606 4057 7
624 4008 776 4060 mercantur
790 4007 822 4069 ΙΒ
916 4007 937 4062 8
954 4006 1132 4063 districtionis
1145 4006 1213 4066 AB:
1233 4007 1418 4072 destrictiouis

289 4094 432 4156 Halmium
460 4098 488 4146 at
511 4093 547 4158 cf.
570 4093 604 4146 dc
625 4093 687 4161 pat,
709 4092 784 4146 1113
802 4091 901 4147 adauct·
914 4093 974 4148 crit.
1079 4093 1109 4147 11
1138 4092 1265 4156 distributo
1290 4093 1348 4148 ΑΒ

289 4180 324 4236 20
350 4179 531 4249 inobydientis
558 4181 585 4239 A
613 4178 794 4248 inobedientis
818 4179 874 4232 Bw
954 4179 999 4242 221
1015 4180 1120 4248 esytius
1149 4179 1176 4256 B
1283 4179 1316 4234 23
1343 4180 1419 4236 doci-

290 4268 411 4320 mentum
433 4265 461 4320 B
480 4271 506 4320 et
519 4271 617 4334 punct.
635 4265 645 4318 i
664 4271 690 4320 ct
707 4281 728 4321 a.
747 4281 799 4320 scr.
817 4281 851 4328 ro.
870 4267 890 4320 2
908 4283 926 4320 u
949 4265 977 4323 Α
1065 4265 1114 4328 ,27
1141 4266 1237 4322 saltem
1264 4281 1306 4320 ccc
1324 4267 1417 4322 saltim

290 4343 415 4407 coram.
433 4353 454 4405 2
471 4352 498 4405 A
601 4351 635 4405 29
652 4351 754 4420 praetio
771 4352 814 4407 A'
