3068 5012
562 403 713 472 epistole
735 404 828 458 VIIII.
1196 405 1257 471 221

128 611 165 657 ac
188 593 290 674 prima
312 593 367 656 illa
390 593 515 659 ueniens
538 612 556 656 a
578 595 726 658 mandate
750 596 812 672 dei,
842 613 901 675 quo
928 593 1135 677 praecipimur
1157 591 1257 659 uitare

129 694 276 759 omnibns
298 697 399 760 modis
422 696 580 761 terrestris
602 696 721 779 gloriae
743 697 927 772 uanitatem,
951 717 989 761 ue
1007 699 1081 761 dum
1104 697 1258 762 humanae

128 799 235 863 laudis
251 798 376 862 inanem
392 799 535 864 aurulam
551 798 737 881 quaerimus,
753 800 926 882 praemium
937 799 1066 864 eoeleste
1084 800 1258 881 perdamus.

130 919 166 966 ex
190 920 250 983 qno
272 903 367 965 etiam
396 901 476 966 illud
500 903 556 983 est,
587 903 667 984 quod
691 905 723 966 et
746 903 826 967 orari
850 903 924 966 dens
948 905 978 965 et
1000 903 1109 968 denari
1138 905 1259 968 occulte

103 1005 243 1071 siubens
265 1005 336 1070 uult
358 1024 413 1070 nos
436 1005 573 1071 fructum
597 1005 669 1070 boni
683 1004 785 1088 operis
801 1006 1015 1070 commendare
1037 1007 1164 1084 secreto,
1188 1006 1261 1088 quia

129 1107 221 1173 nulla
248 1108 291 1171 sit
319 1108 417 1172 maior
444 1106 516 1172 fidei
545 1107 685 1184 deuotio,
717 1127 809 1190 quem
834 1126 912 1188 quae
936 1107 1155 1172 conscientiam
1179 1109 1260 1172 uitat

128 1213 293 1278 hominum
316 1212 372 1276 deo
395 1213 474 1278 teste
497 1215 651 1278 contenta.
680 1213 833 1277 nesciat
856 1211 975 1294 enim,
998 1211 1101 1292 inquit
1123 1212 1259 1276 saluator

130 1318 252 1393 noster,
282 1334 417 1379 manns
440 1320 509 1381 tue
531 1316 702 1381 sinistra
730 1316 822 1396 quid
852 1315 979 1379 faciat
1002 1315 1162 1379 dextera
1184 1319 1259 1397 tua,

130 1423 168 1482 et
202 1419 314 1501 pater
347 1420 437 1484 tuus
472 1421 534 1502 qui
569 1419 677 1484 uidet
706 1418 744 1482 in
777 1417 968 1484 absconso
1001 1418 1143 1483 reddet
1175 1417 1260 1482 tibi.
1351 1483 1353 1487 ,

92 1545 119 1584 ιο
130 1523 164 1586 et
185 1522 255 1586 ideo
285 1522 428 1604 scriptori
457 1523 506 1586 illi
529 1524 569 1588 ad
591 1521 835 1588 subtrahendum
859 1541 896 1584 er
915 1521 1009 1587 titulo
1032 1539 1144 1585 nomen
1168 1539 1260 1584 suum
1273 1516 1313 1585 14

129 1626 224 1708 atque
253 1627 416 1690 celandum
445 1627 587 1692 sufficere
617 1627 694 1692 haee
725 1626 940 1690 tantummodo
970 1643 1062 1688 causa
1090 1623 1200 1706 potuit,
1224 1627 1261 1688 ut

130 1730 213 1812 qnod
236 1732 267 1794 in
292 1731 439 1795 honorem
461 1731 579 1797 domiui
603 1732 652 1796 eui
674 1732 792 1796 fecerat
815 1730 941 1795 diuinae
962 1731 1087 1794 tantum
1104 1731 1259 1794 eonscien-

129 1835 195 1898 tiae
217 1834 399 1912 respiraret,
424 1837 454 1898 et
477 1854 525 1900 res
548 1834 824 1901 commendabilior
845 1833 903 1898 deo
925 1832 1021 1911 fieret,
1046 1850 1123 1914 qnae
1144 1831 1260 1895 famam

129 1937 291 2018 publicam
314 1938 492 2002 deuitasset.
528 1939 582 2004 sed
605 1942 724 2022 tamen,
750 1936 830 2021 qnod
854 1935 1062 2001 confitendum
1085 1935 1149 2016 est,
1172 1953 1260 2015 prae·

93 2041 258 2122 iscipunm
279 2041 358 2106 illud
383 2041 459 2123 fuit,
483 2042 556 2123 quia
578 2042 712 2122 scriptor
734 2039 805 2122 ille,
829 2042 865 2102 ut
888 2038 1038 2122 legimus,
1061 2037 1190 2103 humilis
1214 2039 1262 2102 est

129 2145 163 2208 in
187 2144 285 2209 oeulis
307 2146 370 2208 suis
394 2147 426 2208 et
448 2145 520 2208 uilis
543 2143 614 2220 sibi,
639 2145 786 2225 exignum
808 2161 840 2206 se
856 2141 981 2223 penitus
997 2143 1090 2222 atque
1112 2141 1261 2205 ultimum

130 2250 255 2330 putans,
279 2253 310 2313 et
332 2249 406 2326 hoc,
430 2250 512 2330 quod
534 2249 636 2313 maius
660 2249 722 2328 est,
747 2265 833 2311 mera
855 2246 926 2326 lide,
950 2263 1011 2310 non
1033 2243 1135 2308 officio
1157 2245 1260 2308 humi·

130 2351 235 2416 litatis
258 2355 443 2434 adsumptae
459 2352 514 2416 sed
530 2351 637 2416 iudicii
660 2349 811 2432 simplicis
834 2349 974 2412 ueritate.
1005 2350 1085 2412 unde
1102 2348 1156 2430 est,
1180 2345 1261 2428 quod
1274 2349 1314 2415 15

130 2455 199 2519 iure
221 2473 255 2518 se
278 2455 375 2520 etiam
398 2457 437 2520 ab
461 2455 530 2520 aliis
554 2454 650 2520 talem
667 2453 847 2518 habendum
862 2452 985 2534 putans,
1010 2451 1112 2532 qualis
1129 2470 1147 2515 a
1162 2455 1261 2514 semet

94 2559 199 2640 seipso
233 2558 408 2632 haberetur,
444 2561 526 2623 reete
558 2557 675 2622 libellis
709 2559 773 2622 suis
807 2555 944 2621 adenem
975 2573 1086 2619 nomen
1119 2554 1260 2629 inseruit,

131 2662 254 2726 scilicet
276 2681 315 2725 ne
339 2661 562 2726 auctoritatem
585 2660 762 2726 salubribus
778 2659 904 2742 scriptis
925 2676 1072 2741 personae
1096 2676 1169 2723 suae
1191 2675 1263 2740 par·

131 2764 217 2829 nitas
252 2765 430 2847 derogaret3
464 2767 568 2830 omnia
601 2765 685 2829 enim
719 2765 887 2829 admodum
920 2762 1005 2828 dicta
1038 2763 1120 2827 tenti
1155 2761 1263 2826 eristi-

131 2871 272 2950 mantur‚
302 2871 437 2950 quantus
470 2867 517 2931 est
545 2869 611 2948 ipse
634 2868 687 2948 qni
718 2866 806 2930 dixit.
846 2865 999 2948 siquidem
1029 2868 1096 2930 tam
1118 2863 1265 2930 inbecilla

132 2975 208 3036 sunt
241 2971 360 3036 iudicia
393 2970 485 3034 huius
519 2972 666 3054 temporis
689 2989 725 3036 ac
746 2989 844 3052 paene
872 2971 939 3034 tam
962 2970 1065 3050 nulla,
1099 2973 1135 3032 nt
1157 2969 1190 3032 hi
1212 2970 1265 3051 qui

95 3075 246 3158 relegunt
275 3094 335 3140 non
366 3077 434 3140 tam
457 3075 650 3141 considerent
681 3074 755 3156 quid
785 3075 892 3156 legant
922 3092 1015 3155 quam
1038 3073 1126 3139 euius
1148 3074 1263 3156 legant,

131 3197 191 3242 nee
213 3181 281 3242 tam
308 3178 451 3245 dictionis
482 3178 547 3244 uim
571 3181 664 3262 atque
686 3178 837 3244 uirtutem
860 3196 953 3260 quam
976 3175 1103 3241 dictoris
1126 3176 1264 3258 cogitent

131 3281 332 3364 dignitatem.
371 3282 487 3347 idcirco
520 3282 617 3366 igitur
650 3283 783 3364 scriptor
813 3280 867 3346 ille
896 3279 1043 3344 abscondi
1073 3297 1108 3344 ac
1137 3277 1264 3344 latitare
1276 3283 1316 3348 16

132 3386 279 3451 omuibus
301 3385 401 3450 modis
426 3384 536 3468 uoluit,
559 3405 598 3449 ne
620 3385 746 3469 scripta,
771 3403 849 3467 quae
864 3385 898 3449 in
913 3403 945 3450 se
960 3384 1077 3449 habent
1091 3382 1265 3466 plurimum

239 3573 254 3624 Ἰ
273 3573 371 3628 meeth.
391 3574 416 3640 6,
434 3574 450 3627 3

186 3743 329 3798 3inanem
347 3761 435 3814 erup
537 3741 732 3797 conmendare
756 3744 784 3797 Β
889 3743 1004 3812 dquam
1021 3758 1088 3811 qnae
1106 3757 1141 3796 ecc
1158 3756 1266 3811 quamq:

134 3832 161 3884 Β
180 3845 251 3886 corr.
270 3833 337 3886 Μ
433 3829 563 3899 'linquid
579 3830 607 3883 Β
702 3831 826 3882 8noster
844 3844 931 3897 orm)
1024 3827 1057 3881 10
1074 3845 1104 3882 ex
1122 3827 1265 3880 Halmius:

134 3935 162 3972 es
179 3917 208 3972 Β
219 3989 221 3994 ¹
234 3919 295 3988 eip
392 3918 424 3972 12
442 3919 519 3971 tanto
539 3919 570 3982 (e.
589 3932 605 3969 o
622 3931 673 3970 scr.
690 3919 719 3982 fi)
737 3914 816 3969 modo
834 3915 863 3970 Β
962 3914 996 3968 14
1014 3913 1192 3968 confitendum
1211 3913 1267 3966 fuit

132 4021 153 4072 p
252 4005 284 4059 16
302 4021 329 4058 se
347 4020 377 4059 ac
395 4005 503 4072 penitus
521 4003 574 4057 del.
592 4019 622 4056 ac
640 4003 680 4067 Β,
700 4007 726 4056 ct
739 4017 762 4070 p
860 4001 893 4054 17
911 4002 999 4070 magis
1011 4003 1052 4054 est
1070 4000 1097 4053 Β
1194 4015 1267 4052 mera

135 4091 294 4146 Hartetc'uc:
321 4092 390 4146 mira
408 4089 572 4145 BHalmr‘cs
663 4089 697 4144 22
715 4087 857 4143 mmodum
874 4093 942 4142 mut.
961 4105 995 4141 m.
1012 4088 1033 4141 2
1050 4088 1082 4141 isc
1100 4103 1116 4140 a
1134 4085 1211 4139 modo
1229 4085 1266 4152 Β,

135 4179 199 4244 etp
297 4177 331 4230 24
349 4175 447 4229 inditia
465 4176 493 4228 Β
595 4189 661 4243 pene
679 4189 712 4228 erc
730 4189 798 4242 pene
816 4173 844 4227 Β
861 4187 931 4227 corr.
949 4177 1014 4228 Μ
1110 4172 1186 4241 hiip
1205 4177 1266 4237 (om.

136 4263 284 4331 Betucius)
389 4261 423 4316 25
445 4261 510 4331 quid
535 4262 630 4330 legunt
654 4261 681 4314 B
785 4259 817 4312 26
836 4258 945 4312 dictoris
964 4259 991 4312 Β
1009 4263 1034 4312 ct
1051 4259 1266 4313 Rittcrebusc'cs:

136 4349 314 4418 dictatorisp
418 4349 451 4403 27
470 4348 509 4416 ac]
529 4350 592 4417 etp
696 4346 730 4400 28
748 4345 848 4400 habent
861 4351 956 4414 mmet.
976 4361 994 4398 n
1011 4346 1040 4401 Β
