2972 5000
262 415 305 482 62
528 410 687 468 Saluioni
703 410 742 466 de
759 409 896 480 gubern.
914 408 969 466 dei
985 407 1032 466 111
1048 415 1064 478 5
1082 409 1124 465 60.

261 618 321 688 quo
343 602 381 668 fil
402 605 439 668 ud
461 600 654 681 solemnes,
684 601 739 684 qui
761 597 930 666 Christiani
957 617 1023 666 osse
1044 599 1194 680 dioimur,
1222 599 1390 683 perdamus

210 705 328 774 60uim
350 703 434 772 lunii
454 703 590 772 nominis
611 701 691 770 uilio
712 701 888 786 prouilolis.
921 702 1002 770 nihil
1024 702 1110 768 enim
1124 701 1249 768 omuino
1264 704 1391 785 prodest

225 857 228 868 .
263 826 374 874 nomen
402 810 545 874 senodum
572 807 685 873 hebere
708 805 775 872 sine
797 803 954 884 moribus,
976 805 1051 890 quio
1071 805 1141 872 uilo
1161 823 1181 872 o
1199 804 1391 891 professione

262 910 438 978 disoordnns
471 910 603 996 obrogat
633 909 777 975 inlustris
808 907 898 974 dtuli
927 908 1075 976 honorem
1103 925 1157 991 por
1188 908 1391 993 indignorum

262 1015 389 1079 aeduum
425 1012 591 1079 uilitatem
633 1010 716 1078 undo
749 1029 822 1078 oum
854 1029 951 1094 poene
982 1011 1105 1078 nullom
1137 1009 1430 1078 Chrislienomms

262 1115 403 1182 omnium
424 1118 565 1200 pardem,
588 1133 685 1199 poene
706 1115 832 1180 nullum
854 1114 1055 1180 eeclesiarum
1076 1115 1217 1184 omnium
1238 1115 1392 1199 ungulum

262 1237 324 1284 non
345 1219 474 1305 plenum
497 1219 584 1285 omni
605 1218 770 1286 offensione
786 1220 819 1283 et
833 1217 919 1284 omni
940 1217 1083 1284 letalium
1099 1220 1297 1301 pomulorum
1319 1217 1391 1284 lube

262 1320 434 1403 uideamus,
457 1323 617 1406 quidest,
640 1324 673 1388 in
695 1341 755 1407 qno
776 1322 867 1390 nobis
889 1323 928 1390 de
949 1321 1130 1390 Christiano
1150 1323 1276 1389 nomine
1298 1321 1392 1388 bmn-

261 1426 395 1510 diomur,
419 1443 491 1492 oum
512 1425 621 1509 utiquo
645 1426 702 1493 hoo
723 1425 792 1509 ipso
814 1424 917 1511 mogis
939 1445 994 1509 por
1011 1444 1127 1493 nomon
1140 1426 1392 1493 oneratissimum

261 1529 307 1594 rei
328 1527 436 1610 simus,
459 1530 533 1612 quie
554 1547 573 1594 o
594 1532 702 1595 eenole
724 1529 850 1595 nomine
872 1528 1102 1616 disorepomus3
1130 1547 1205 1596 nem
1227 1527 1296 1594 ideo
1318 1528 1431 1613 plusuo

218 1645 220 1654 ’
262 1633 319 1698 sub
347 1632 506 1717 religionis
534 1630 629 1698 titulo
660 1630 752 1698 deum
774 1632 944 1716 laedimus,
974 1633 1047 1716 quio
1068 1632 1163 1718 posili
1183 1633 1218 1698 in
1239 1631 1392 1718 religione

260 1753 434 1820 peooomus.

313 2010 327 2063 1
352 2009 400 2080 qui
422 2025 476 2065 nou
495 2007 662 2066 christianos
685 2023 742 2064 esse
768 2008 881 2065 dicimus
904 2009 933 2064 Β
960 2009 1007 2078 qui
1024 2009 1193 2066 Christianos
1211 2009 1270 2078 (sed
1286 2026 1302 2065 o
1319 2015 1392 2067 mot.

260 2095 293 2151 in
310 2095 321 2148 i
339 2101 365 2152 el
383 2112 395 2151 s
409 2097 519 2165 mmet.)
537 2112 594 2151 osse
606 2094 720 2151 dioimur
736 2096 765 2150 A
853 2095 871 2151 2
888 2095 995 2152 omnino
1007 2097 1080 2153 enim
1091 2097 1163 2152 nihil
1179 2096 1208 2151 Β
1294 2096 1312 2151 ὅ
1329 2111 1393 2150 oum

261 2197 312 2238 om.
329 2181 358 2236 A
459 2183 476 2235 7
499 2182 636 2237 loiselium
658 2183 687 2238 A
790 2182 825 2238 10
846 2192 937 2238 saneto
954 2182 983 2238 Β
1001 2199 1022 2239 o.
1039 2185 1058 2241 l.
1161 2199 1224 2240 nam
1241 2185 1270 2238 ol
1291 2183 1320 2237 Β

262 2268 434 2324 illudimus
458 2268 634 2334 deludimus
656 2270 722 2325 ino
741 2283 811 2326 om.
834 2270 1037 2326 Brasoioomoss
1062 2269 1201 2326 leudemus
1218 2270 1246 2325 A
1272 2269 1392 2324 ludimus

261 2355 290 2410 Β
308 2357 351 2424 (in
366 2357 513 2428 moletypo
530 2356 558 2411 A
575 2355 634 2414 cod.
651 2355 739 2424 fuisse
758 2357 882 2426 medeor
898 2355 1032 2412 leudinus
1049 2372 1071 2413 u.
1083 2372 1136 2414 ooo.
1154 2371 1168 2411 e
1184 2357 1224 2412 ld.
1241 2372 1313 2427 quoe
1328 2357 1393 2412 oub-

262 2441 406 2500 sto'tueoda
421 2443 478 2510 fuit
495 2459 546 2514 pro
563 2458 582 2498 u
599 2441 647 2498 sed
663 2443 735 2498 mule
751 2443 906 2514 peneoeoor
923 2459 971 2514 pro
989 2443 1011 2512 i)
1115 2443 1149 2498 12
1166 2447 1231 2514 post
1250 2457 1393 2512 possemus

260 2533 342 2584 unni.
360 2533 418 2586 nnis.
437 2543 483 2586 uu
510 2544 618 2587 moesus
634 2545 720 2586 menn
738 2533 798 2600 (osse
816 2529 854 2600 Β)
882 2543 1008 2588 sumnus
1025 2529 1081 2586 AB
