3096 5018
465 439 504 492 ad
521 438 698 494 ecclesiam
720 439 781 494 1111
800 443 815 504 ξ
832 438 910 495 3-8.
1188 437 1251 506 303

30 641 31 722 l
126 631 193 696 cani
221 630 254 696 in
282 628 418 713 pueritia
448 647 510 694 non
538 628 573 694 in
600 630 771 708 iuuentute,
808 647 869 694 non
900 631 933 694 in
954 629 1041 694 statu
1076 647 1179 696 rerum
1202 631 1251 696 in-

30 727 32 810 i
124 733 294 799 colurnium
327 751 389 798 non
416 732 449 797 in
479 734 737 816 prosperitatibus
765 734 992 800 secundorum?
1026 735 1147 800 scilicet
1179 735 1252 817 quis

124 839 157 902 in
189 837 238 902 his
272 834 416 902 omnibns
448 836 599 920 quidquid
636 836 784 901 laudatur
817 838 973 902 incertum
1007 841 1063 903 est.
1092 821 1252 919 'quamdin

124 943 204 1006 enirn
228 939 299 1022 quis
322 940 463 1034 subiacet
485 941 664 1018 mutationi,
691 959 752 1006 non
775 941 879 1024 potest
900 957 972 1005 cunr
995 941 1161 1007 securitate
1182 944 1252 1007 lau-

30 1045 32 1116 ,
104 1046 189 1110 sdari
210 1045 243 1108 ct
266 1043 402 1117 idso‚=ut
425 1042 481 1122 ait,
510 1044 711 1126 sapientia
739 1043 778 1108 in
806 1044 914 1109 exitu
944 1044 1111 1110 canitur.
1149 1045 1251 1110 exiens

124 1147 207 1212 enim
237 1148 307 1230 quis
338 1148 376 1212 de
405 1147 533 1212 incertis
566 1147 775 1230 periculorum
807 1149 926 1212 certum
958 1147 1129 1212 merebitur
1158 1165 1252 1212 cuasa

123 1251 265 1318 omnium
286 1271 391 1316 rerum
414 1251 566 1316 uarietate
584 1249 790 1334 suffragium,¹
803 1251 875 1333 quia
889 1251 960 1315 tuni
975 1251 1098 1317 stabilis
1114 1255 1147 1316 et
1161 1251 1251 1317 firma

123 1357 189 1421 laus
224 1354 281 1433 est,
316 1357 439 1438 quando
473 1354 625 1420 meritum
657 1355 722 1420 iam
755 1372 815 1420 non
849 1357 952 1437 potest
988 1354 1088 1437 perire
1118 1356 1250 1420 laudati.

123 1458 345 1543 sapientia,
379 1459 490 1541 inquit,
525 1459 564 1524 in
593 1458 701 1523 exitu
730 1459 897 1524 canitur.
933 1459 1007 1540 quid
1036 1463 1093 1540 est,
1128 1466 1280 1541 quassat

93 1561 274 1645 insapientia
297 1561 489 1627 Christiani?
523 1563 598 1645 quid
626 1562 686 1628 uisi
715 1563 811 1627 timor
841 1563 874 1627 st
895 1579 982 1628 amor
1004 1559 1146 1627 Christi?
1177 1561 1251 1625 ini-

29 1683 30 1688 *
124 1666 220 1731 tium
250 1666 366 1745 enim,
396 1666 507 1748 inquit,
538 1666 763 1750 sapientiae
791 1668 911 1732 timor
932 1665 1095 1732 domini:
1119 1668 1151 1728 et
1174 1664 1251 1728 alibi

28 1723 31 1894 J
123 1769 316 1852 perlecta,
341 1769 453 1852 inquit,
478 1769 645 1834 dilectio
669 1770 776 1834 toras
798 1769 928 1834 mittit
951 1770 1141 1835 timorem.
1177 1785 1250 1852 ergo

28 1941 29 1984 1
125 1874 159 1938 ut
179 1875 331 1951 uidemus,
359 1873 485 1938 initium
508 1873 677 1956 sapientiae
700 1875 748 1938 eet
771 1873 804 1937 in
825 1874 938 1938 timore
962 1870 1080 1938 Christi
1100 1870 1249 1955 parisatis

28 1987 30 2052 l
124 1976 154 2040 in
176 1993 291 2041 amors.
325 1979 431 2059 itaque
455 1977 482 2042 si
505 1977 658 2058 sapientia
674 1976 845 2044 Christiani
869 1979 962 2042 timor
979 1978 1025 2041 est
1048 1979 1141 2060 atque
1164 1993 1251 2042 amor

28 2057 29 2136 l
93 2080 248 2157 rademini,
272 2079 319 2145 ita
341 2081 468 2146 demum
489 2099 563 2145 uere
585 2081 740 2166 sapientes
764 2081 933 2160 summast
956 2081 1048 2146 deum
1071 2097 1250 2162 semperne

124 2203 213 2266 super
236 2183 342 2248 omnia
364 2183 543 2267 diligamus,
567 2187 599 2249 et
621 2184 679 2249 hoc
703 2184 883 2249 cumomni
906 2187 1045 2266 ternpore
1069 2187 1137 2246 tum
1159 2202 1250 2265 pras·

124 2287 208 2369 cipue
230 2289 264 2351 in
287 2287 371 2354 exitu
395 2289 510 2364 nostro,
535 2289 607 2368 quia
631 2287 783 2369 sapientia
805 2287 838 2351 in
862 2288 945 2351 exitu
968 2285 1098 2350 canitur.

162 2407 206 2475 ΙΙ.
238 2407 270 2473 Si
300 2426 372 2492 ergo
401 2408 557 2491 sapientis
588 2427 642 2490 per
663 2409 720 2474 hoc
743 2411 876 2473 m'arirns
899 2409 932 2473 in
955 2407 1041 2473 exitu
1064 2407 1197 2486 canitur,
1222 2407 1278 2481 si8

123 2510 194 2576 deus
217 2511 436 2594 superomnia
460 2511 619 2595 diligatur,
650 2531 728 2593 quae
758 2511 856 2593 igitur
878 2511 1002 2602 insania
1025 2515 1082 2592 est,
1105 2511 1141 2575 nt
1164 2509 1249 2575 dicat

92 2637 114 2676 so
123 2614 235 2696 aliquis
259 2612 420 2679 Christum
439 2614 558 2680 carnali
579 2614 806 2699 propinquitati
821 2614 968 2698 praeponi
984 2615 1022 2678 ab
1038 2613 1248 2679 incolumibus

122 2719 271 2799 oportere,
294 2737 312 2783 a
334 2719 541 2784 morientibus
565 2739 626 2785 non
650 2717 785 2784 debere?
808 2736 863 2783 cur
877 2719 962 2784 snim
977 2737 1048 2782 curn
1071 2717 1249 2800 praeierant

27 2835 28 2840 ’
122 2821 301 2898 incolumes,
330 2821 357 2884 si
385 2841 446 2886 non
475 2823 589 2886 debent
612 2821 767 2903 praeferre
789 2822 980 2887 morientes?
1018 2823 1072 2886 aut
1095 2821 1123 2884 si
1145 2823 1249 2904 potest

123 2925 276 3006 quispiam
299 2925 442 3006 religiose
464 2927 594 3004 agnatos
617 2926 710 3007 atquc
733 2923 849 2992 adfines
864 2935 937 2991 'suos
954 2923 1076 2992 Christo
1091 2925 1125 2989 in
1148 2926 1248 2990 morte

27 3035 29 3054 '
122 3045 317 3110 praeponere,
350 3046 405 3093 cur
433 3046 493 3093 non
522 3028 665 3112 isligiosc
697 3030 794 3093 ctiam
818 3021 890 3094 ants
913 3029 1106 3112 praeponat?
1144 3028 1201 3092 aut
1222 3028 1249 3092 si

27 3109 28 3132 ¹
90 3135 169 3196 aest
198 3131 265 3196 ulla
297 3132 372 3195 hora
399 3133 432 3196 in
454 3133 522 3196 uite
545 3133 667 3213 ultima,
704 3149 765 3214 qus
797 3132 866 3214 quis
901 3133 971 3215 plus
1005 3131 1084 3196 alios
1119 3130 1247 3213 diligere

121 3235 230 3300 debeat
251 3254 345 3318 quam
369 3253 401 3298 se
424 3237 527 3316 ipsum
550 3236 606 3300 aut
627 3234 733 3318 deum,¹
753 3218 807 3299 sur
829 3253 889 3299 non
905 3238 937 3298 st
959 3235 992 3298 in
1009 3233 1078 3299 uita
1093 3235 1247 3299 anteriore

223 3419 257 3474 10
274 3419 346 3474 near.
367 3420 424 3484 110,
444 3419 477 3474 10
580 3420 644 3476 121
663 3421 721 3476 Ioh.
739 3420 765 3488 4,
784 3421 817 3474 rs

27 3579 28 3582 ¹
122 3591 207 3661 magis
225 3591 317 3645 iacere
330 3607 390 3644 eum
408 3591 452 3644 nel
470 3591 499 3645 in
518 3591 589 3646 exitu
609 3607 656 3646 suo
672 3594 809 3654 conuenit,
829 3594 859 3645 ut
877 3593 947 3661 quod
966 3591 1026 3646 uita
1043 3593 1176 3647 anteriore
1194 3607 1247 3645 non

120 3676 246 3742 reddidit,
271 3677 366 3730 saltem
384 3678 413 3730 in
431 3678 601 3732 extremitate
625 3679 772 3748 persoluat:
795 3686 822 3732 st
844 3680 889 3746 qui
908 3694 938 3732 ar
956 3679 1006 3732 hoc
1022 3693 1083 3732 rsus
1102 3684 1151 3743 ast,
1176 3681 1247 3746 quod

121 3769 182 3818 ants
199 3762 326 3832 neglexit,
351 3764 392 3817 ucl
410 3779 456 3832 per
473 3765 523 3817 hoo
541 3764 660 3819 excusari
678 3763 848 3832 aliquatenus
865 3765 972 3818 domino
991 3781 1037 3818 suo
1056 3767 1149 3834 possit,
1174 3764 1247 3833 quod

122 3851 292 3918 praeteritam
316 3849 545 3904 inhumanitatem
569 3851 667 3906 ultima
688 3852 785 3906 saltem
803 3852 942 3906 deuotione
960 3853 1119 3920 compenset.
1149 3851 1195 3904 sed
1213 3851 1248 3906 ed

120 3934 254 4003 superiora
276 3934 421 3990 redeamus.
452 3936 593 4004 sapientia,
621 3937 711 4005 inquit
735 3951 821 3990 scr-mo
845 3934 963 4003 diuinus,
989 3936 1019 3990 in
1043 3936 1117 3990 exitu
1140 3936 1248 3990 canitur

119 4021 169 4075 aee
185 4019 374 4075 additamento
391 4027 484 4074 corceat
501 4021 557 4076 AB

170 4117 182 4168 1
203 4117 341 4170 iuuentute
359 4115 400 4170 A:
426 4117 569 4172 iuuentute
587 4117 753 4172 BHolms'as
855 4119 872 4172 5
893 4118 923 4171 in
949 4118 1022 4172 exitu
1039 4134 1062 4171 a
1078 4118 1095 4172 l.
1114 4135 1147 4172 m.
1168 4123 1183 4171 1
1203 4119 1249 4172 ccl

117 4202 218 4256 andei.
239 4203 266 4255 A
357 4203 450 4256 ‘lium
468 4219 502 4257 erc
519 4204 583 4258 dnm
602 4209 749 4259 corr.m.2
765 4205 794 4259 Β
886 4203 1249 4259 dissuasissemus

118 4287 145 4341 B
230 4287 265 4341 24
282 4286 505 4357 praeponebatB
591 4289 625 4344 26
642 4291 713 4360 aut(
733 4293 762 4357 ')
781 4291 860 4346 deum
878 4292 957 4346 aas
974 4295 1001 4345 ct
1019 4306 1080 4346 cum
1099 4291 1159 4347 edd.
1178 4291 1249 4348 Hal.

117 4374 187 4428 mica
204 4375 246 4427 rsit
264 4373 401 4429 adnotans
504 4378 598 4430 autin
619 4377 677 4430 uite
695 4378 722 4430 B
