2972 5000
407 382 446 436 (le
463 381 600 451 gubern.
619 379 673 435 dei
694 382 709 436 I
727 383 742 446 ξ
761 379 870 435 15·20.
1125 433 1127 438 ,
1162 380 1200 443 11

92 591 255 657 possumus,
284 572 367 656 quod
395 576 471 639 tuoe
498 576 554 640 deo
584 571 718 638 maximo
741 589 832 637 ourae
859 572 947 636 erant
976 588 1047 634 oum
1070 568 1201 652 prodeo

92 677 140 740 ista
158 678 350 757 paterentur.
396 679 429 740 at
451 675 582 742 forsitan
604 675 662 741 boo
690 675 757 757 ipso
780 674 883 759 magis
909 674 1038 756 probare
1060 675 1092 737 te
1114 671 1200 750 diois,

91 779 155 861 quod
182 782 258 845 deus
288 779 323 844 in
351 779 474 845 saeoulo
502 779 564 844 isto
592 780 696 844 omnia
725 777 872 863 neglegat
905 777 937 842 et
964 776 1071 842 futuro
1101 776 1202 842 totum

90 881 185 947 iudicio
214 885 371 963 reseruet,
400 883 473 966 quia
496 901 619 964 semper
640 882 672 946 et
693 880 766 946 boni
792 879 897 947 omnia
918 881 1001 946 mala
1021 879 1106 962 passi
1128 885 1201 945 suut

76 989 113 1052 eet
124 989 259 1053 leoerunt
275 988 363 1054 mali.
387 1006 448 1053 non
463 989 599 1078 infidelis
615 989 740 1071 quidem
759 986 883 1052 uidetur
897 983 1043 1059 adsertio,
1067 982 1201 1048 maximo

90 1089 147 1172 quie
166 1089 313 1156 futurum
335 1091 384 1158 dei
407 1093 558 1158 ludioium
582 1091 755 1158 confitetur.
779 1090 834 1156 sed
856 1107 911 1156 nos
933 1088 978 1153 ita
1000 1085 1200 1152 iudioandum
1215 1083 1252 1148 18

90 1193 243 1258 humanum
259 1213 358 1277 genus
374 1215 393 1261 a
407 1194 532 1262 Christo
548 1195 692 1278 dioimus,
717 1197 752 1259 ut
766 1195 872 1260 tamen
887 1191 984 1258 etiam
998 1208 1081 1256 nuno
1095 1190 1200 1255 omnia

92 1295 171 1374 deum,
195 1298 294 1379 prout
315 1297 501 1364 rationabile
524 1301 626 1380 putat,
649 1315 756 1381 regere
772 1315 808 1362 ao
826 1297 1002 1378 dispensare
1027 1293 1199 1370 credamus,

90 1401 112 1463 et
133 1399 174 1464 ita
205 1401 242 1464 in
272 1399 379 1466 futuro
410 1401 620 1466 iuoieetnrum
644 1400 860 1478 adfirmamus,
891 1400 927 1463 nt
950 1401 1057 1462 tamen
1078 1413 1200 1478 semper

67 1500 167 1567 notiam
189 1503 225 1568 in
254 1502 313 1568 hoo
335 1503 460 1569 saeoulo
483 1504 632 1570 iudicasse
660 1503 837 1568 doceamus.
872 1502 947 1568 dum
973 1501 1057 1567 enim
1079 1517 1201 1581 semper

89 1604 227 1688 gubernat
243 1606 330 1684 deus,
345 1624 468 1688 semper
483 1609 515 1672 et
530 1606 661 1686 iudioat,
677 1605 752 1690 quia
765 1603 950 1688 gubernatio
964 1605 1033 1687 ipsa
1049 1604 1199 1670 iudicium

88 1711 130 1773 eet.
148 1715 223 1790 quot
240 1709 343 1775 modis
358 1708 417 1775 boo
432 1711 480 1776 uis
495 1709 686 1792 probemus?
701 1709 821 1774 ratione
837 1726 877 1773 an
892 1707 1040 1789 exemplis
1055 1725 1093 1772 an
1109 1707 1198 1772 testi·
1213 1705 1251 1770 19

87 1812 204 1877 neniis?
228 1815 256 1878 si
279 1813 409 1892 ratione,
433 1812 503 1896 quis
525 1816 592 1878 tam
613 1830 720 1896 expers
734 1813 889 1877 humanae
904 1809 1136 1893 intellegentiae
1152 1812 1200 1875 est

86 1916 109 1979 et
131 1915 222 1981 huius
252 1914 353 1999 ipsius
382 1919 420 1983 de
449 1935 511 1999 qua
532 1915 692 1999 loquimur
721 1915 867 1982 ueritatis
896 1915 1032 1994 alienus,
1064 1914 1200 1996 quinon

65 2022 219 2101 uagnosoat
236 2036 273 2084 eo
289 2019 395 2085 uideat
410 2019 656 2102 pulcherrimum
672 2020 782 2084 mundi
797 2038 874 2102 opus
891 2022 923 2084 et
937 2019 1199 2086 inaestimabilem

85 2139 278 2203 supernarum
307 2119 560 2206 infernarumque
591 2141 696 2188 rerum
726 2123 993 2208 magnifieentiam
1022 2124 1060 2189 ab
1091 2122 1199 2188 eodem

84 2225 134 2307 regi
161 2243 180 2288 a
210 2241 274 2307 quo
308 2227 413 2291 ereata
446 2225 498 2306 sit,
533 2243 687 2308 quemque
720 2227 946 2292 elementorum
979 2226 1198 2292 fabricatorem

85 2327 202 2392 emdem
237 2326 336 2392 etiam
369 2329 610 2412 gubernatorem
643 2329 725 2409 iore;
764 2333 817 2413 qui
845 2333 957 2396 eunota
986 2328 1106 2394 scilieet
1137 2346 1199 2410 qua

85 2431 225 2512 potestate
248 2449 287 2496 ao
301 2431 464 2498 maiestate
488 2432 672 2513 condiderit,
695 2435 802 2498 eadem
825 2435 921 2497 etiam
943 2431 1139 2514 prouidentia
1161 2447 1198 2495 ae

63 2533 189 2599 eratione
212 2533 402 2614 moderetur,
424 2535 611 2618 praesertim
633 2553 705 2615 eum
726 2535 822 2600 otiam
839 2534 873 2599 in
887 2534 936 2600 his
960 2551 1039 2616 quae
1061 2533 1198 2599 humano

84 2636 140 2702 utu
161 2635 427 2702 administrantur
455 2637 535 2702 nibil
562 2639 687 2720 penitus
710 2641 777 2704 sine
799 2640 918 2704 ratione
941 2637 1107 2717 consistat,
1131 2656 1198 2703 om·

83 2737 179 2822 niaque
202 2741 250 2806 ita
274 2759 293 2804 a
313 2739 510 2822 prouidentia
532 2739 784 2807 ineolumitatem
807 2742 897 2825 quasi
912 2760 1020 2825 eorpus
1036 2741 1075 2807 ab
1092 2742 1199 2806 anime

82 2841 166 2908 uitam
196 2842 344 2919 trahant;
372 2841 503 2926 ideoque
530 2843 564 2909 in
587 2844 646 2910 hoe
668 2845 784 2910 mundo
807 2863 867 2912 non
889 2845 990 2911 solum
1013 2846 1144 2926 imperia
1167 2848 1198 2908 ot

27 2959 28 2962 ’
82 2945 243 3023 prouincias
267 2965 367 3029 neque
390 2966 457 3012 rem
480 2947 607 3012 oiuilem
623 2966 659 3012 ao
674 2948 858 3031 militarem,
881 2948 936 3013 sed
959 2948 1057 3014 etiam
1076 2948 1198 3014 minora

59 3045 170 3113 uoffieia
185 3053 219 3114 et
234 3049 377 3132 priuatas
400 3049 517 3132 domos,
539 3051 674 3136 peoudes
692 3053 825 3136 denique
840 3053 922 3135 ipsas
939 3053 970 3117 et
985 3051 1197 3116 minutissima

83 3165 206 3232 quaeque
242 3151 486 3218 domesticarum
520 3153 731 3220 animantium
757 3173 872 3237 genera
894 3172 954 3219 non
977 3155 1037 3221 nisi
1059 3154 1197 3220 humana

84 3251 263 3319 ordinatione
286 3257 380 3337 atquo
402 3255 532 3323 oonsilio
555 3259 645 3339 quasi
667 3261 803 3340 quadam
824 3276 919 3323 manu
935 3258 967 3322 ot
988 3256 1197 3342 gubernaculo

85 3355 231 3422 eontinori.
278 3360 310 3422 et
342 3358 418 3424 haee
452 3359 556 3425 omnia
588 3360 654 3425 sine
689 3360 782 3443 dubio
816 3363 979 3426 uoluntate
1013 3379 1050 3426 ao
1081 3360 1196 3425 iudicio

82 3458 182 3524 summi
218 3459 284 3525 dei:
319 3460 441 3527 soilieot
468 3467 505 3528 ut
533 3481 568 3529 eo
597 3464 736 3546 exemplo
769 3481 859 3529 omno
892 3463 1065 3528 humanum
1097 3467 1248 3548 genuero

58 3561 240 3639 opertioulas
263 3581 368 3630 rerum
390 3567 422 3629 ot
442 3567 587 3633 membra
608 3567 741 3650 regeret,
764 3586 823 3650 quo
839 3567 904 3650 ipse
927 3584 1083 3632 summam
1099 3566 1194 3631 totius

121 3800 133 3853 1
156 3802 274 3857 maxime
297 3802 345 3858 deo
365 3805 393 3858 A
415 3806 463 3860 eect
479 3806 567 3876 ripam
584 3808 804 3876 transpositionis
821 3824 854 3862 m.
873 3813 889 3862 1
908 3807 1012 3864 additis
1113 3808 1130 3861 2
1147 3806 1195 3862 boe

80 3881 173 3940 Bodd,
194 3892 270 3942 Μ
370 3891 607 3947 4reseruarit·B
711 3893 918 3948 9adflrmemus
937 3897 1005 3964 (aon
1022 3894 1194 3959 affirmemus)

79 3967 100 4022 Β
185 3976 219 4030 ll
237 3978 279 4030 est
294 3975 424 4032 iudicium
442 3978 470 4032 Β
562 3979 595 4034 12
613 3980 686 4048 quod
704 3986 730 4034 et
747 3981 774 4034 A
792 3987 818 4037 et
834 3982 861 4036 B
880 3988 943 4036 m.1
1032 3980 1083 4036 hoe
1100 3982 1143 4036 uis
1161 3999 1196 4037 ete

78 4053 145 4112 buius
163 4061 191 4113 A
211 4076 280 4115 eorr.
298 4077 331 4116 m.
349 4077 403 4134 reo.
430 4063 510 4118 buius
536 4064 579 4118 uis
607 4066 635 4119 B
657 4067 730 4133 (item
747 4083 777 4132 r,
802 4068 850 4122 sect
867 4069 899 4122 aba
910 4085 962 4140 mg.
981 4066 1030 4122 hoo
1048 4069 1196 4139 adscripsit

78 4141 263 4212 Braeetrame)
368 4149 400 4204 21
423 4150 579 4218 omniaquao
597 4153 624 4206 A
641 4158 710 4207 m.1
812 4155 846 4208 22
863 4171 879 4209 a
896 4170 946 4209 om.
964 4157 989 4208 A
1094 4157 1194 4211 incolo·

77 4227 189 4284 nitatem
204 4230 232 4284 Β
318 4233 352 4287 23
363 4233 459 4304 idoque
472 4236 500 4289 B
583 4236 617 4291 24
629 4237 774 4306 prouintiis
787 4240 815 4292 A
900 4240 992 4309 neque]
1006 4243 1125 4311 atqueB

78 4309 105 4365 26
118 4313 237 4370 humana
254 4331 275 4370 a.
293 4333 344 4374 eor·
363 4336 396 4374 m.
415 4336 468 4377 ree.
488 4321 581 4377 diuina
598 4323 625 4376 A
728 4325 763 4380 29
781 4340 865 4392 genus
882 4325 1029 4381 humanum
1048 4328 1076 4381 B
