2972 5000
389 413 427 468 de
444 412 579 483 gubern.
598 413 650 468 dei
671 411 735 478 115
754 414 855 514 1'5'.
1130 415 1170 484 31

77 603 189 687 probaret
209 600 336 667 soilioet
358 601 437 668 nihil
459 601 499 667 ab
518 619 552 669 eo
568 604 704 689 neglegi,
726 621 820 686 quem
835 602 1014 670 ostenderet
1028 603 1173 670 uniames

76 705 165 772 inari.
199 706 285 789 quod
313 706 351 771 ut
377 705 503 788 plenius
532 707 654 790 sapies,
685 705 759 774 endi
788 707 863 789 quid
891 706 926 772 in
954 708 1015 774 alio
1038 705 1203 789 sumptu-3

76 827 153 874 unum
182 810 248 876 looo
283 807 370 874 idem
401 811 536 876 testetur
568 809 699 893 spiritus
732 811 873 878 sanetuse
908 810 1032 890 oenli,
1060 809 1173 893 inoluit,

75 910 192 977 donini
226 929 349 993 super
382 910 578 977 timentes
609 929 711 992 enm,
745 913 788 978 ut
821 911 970 996 eripiat
1000 929 1020 978 a
1049 916 1173 980 morte

63 1016 192 1079 uenimus
227 1030 363 1080 eornm
391 1014 432 1079 et
460 1013 544 1080 niet
570 1033 636 1080 eos
658 1016 697 1081 in
720 1015 830 1084 fama
868 1033 937 1082 eoos
959 1035 1015 1082 our
1037 1016 1174 1100 aspicere

74 1117 145 1182 iustos
162 1116 306 1183 nominee
328 1117 405 1182 deus
425 1116 561 1202 dieitur,
588 1117 696 1200 ulique
717 1121 754 1182 ut
776 1122 938 1184 oonsmnet
960 1123 996 1185 ut
1018 1119 1172 1203 proteget

75 1220 186 1300 asperim
217 1217 305 1286 enirn
333 1219 514 1286 diuinitatis
544 1223 698 1304 propitiae
720 1237 835 1289 munus
856 1223 909 1288 ost
929 1221 1174 1290 oonuersationio

76 1322 206 1390 hmsnae.
238 1341 317 1392 nam
339 1325 371 1390 et
393 1323 471 1389 alibi
493 1325 578 1390 idom
600 1324 726 1390 diuinus
749 1325 895 1409 spiritum
916 1326 1037 1406 nauli,
1059 1325 1174 1409 inquit,

76 1427 193 1495 domini
215 1447 334 1512 super
356 1429 502 1507 iustos,
525 1431 567 1492 et
588 1443 702 1494 auree
718 1430 803 1494 eins
825 1429 1017 1511 inpreoes
1033 1447 1174 1495 eorum.

58 1528 137 1610 rande,
166 1549 228 1614 qna
261 1532 460 1615 benignitate
489 1547 581 1616 agere
612 1549 684 1597 oum
707 1531 772 1596 suis
795 1531 889 1598 deum
912 1532 1066 1615 seriptura
1087 1531 1173 1600 dioit.

76 1634 96 1694 iu
112 1633 159 1698 loo
177 1634 351 1718 siquidem,
382 1634 465 1716 quod
486 1636 548 1714 ait,
578 1635 685 1702 oeulos
713 1634 833 1702 domini
860 1652 953 1718 snper
975 1635 1074 1700 iustos
1096 1653 1173 1716 esse,

77 1735 175 1802 effeetus
197 1739 380 1821 aspieientis
411 1737 604 1818 ostenditur,
634 1739 669 1803 in
690 1739 749 1804 hoo
770 1740 894 1819 antem,
925 1739 1007 1822 quod
1030 1757 1118 1804 aures
1141 1739 1175 1804 iu

77 1839 186 1920 pudibus
213 1841 342 1924 perolas
371 1857 508 1926 semper,
524 1887 526 1896 .
542 1841 737 1908 exordientis
769 1841 900 1926 largitas
928 1842 1174 1908 demonstretur:

77 1945 189 2021 quamuis
210 1962 268 2026 per
290 1946 332 2029 id,
355 1942 438 2026 quod
460 1942 547 2020 dieit,
571 1945 695 2010 dininas
719 1963 809 2010 eures
831 1945 865 2009 in
887 1944 1032 2029 preoibns
1055 1963 1175 2028 semper

60 2061 123 2108 seue
139 2045 305 2127 iustorum,
339 2063 403 2111 non
430 2047 590 2114 audientia
611 2049 738 2114 tantum
762 2047 811 2112 dei
834 2048 889 2112 sed
912 2050 1065 2130 quaedam
1088 2047 1176 2131 quasi

78 2145 246 2214 oboedientia
260 2150 312 2215 dei
327 2150 518 2235 designetur.
545 2151 697 2233 quemodo
713 2149 845 2216 enimin
860 2150 1005 2234 preoibus
1021 2151 1207 2217 iustorum4

77 2248 171 2318 diuinae
193 2272 286 2320 aures
300 2256 408 2320 sunt?
431 2256 593 2337 quomodo,
615 2255 677 2320 nisi
691 2255 728 2319 ut
749 2273 873 2340 semper
895 2254 1033 2330 audiant,
1056 2253 1118 2318 nisi
1140 2257 1176 2318 ut

77 2369 168 2436 semper
199 2357 382 2436 exaudiant,
417 2357 479 2422 nisi
501 2361 537 2422 ui
560 2359 704 2440 prompte
727 2359 834 2423 audita
864 2357 1021 2435 tribuant,
1056 2358 1117 2423 nisi
1140 2361 1176 2422 ut

78 2454 127 2520 ilioo
146 2461 291 2526 exaudita
307 2462 501 2528 oonoedantl
524 2478 645 2543 sempor
661 2478 733 2543 ergo
750 2460 790 2524 ad
804 2458 973 2524 audiendas
996 2460 1177 2525 sanatorum

60 2577 155 2638 opressa
185 2566 313 2646 paratae
349 2564 467 2630 domini
499 2564 600 2629 nostri
632 2581 733 2646 aures,
768 2582 891 2645 semper
923 2565 1063 2628 attentae
1092 2566 1176 2628 sunt.

79 2677 145 2740 quem
172 2666 256 2733 beati
290 2685 428 2732 essemus
463 2685 586 2746 omnes,
622 2667 773 2750 siquam
805 2669 983 2750 promptam
1018 2685 1092 2752 erga
1120 2683 1176 2730 nos

79 2764 240 2836 audientiam
264 2773 315 2835 dei
337 2769 488 2852 legimns,
523 2769 590 2834 tam
623 2770 767 2854 prompte
802 2770 861 2854 ipsi
895 2770 988 2834 deum
1020 2769 1175 2835 pellemus

79 2868 164 2935 audire.
186 2875 240 2938 sed
256 2873 389 2940 forsitan
404 2872 491 2952 diois,
517 2873 574 2939 hoo
590 2874 671 2956 quod
687 2873 786 2940 iustos
803 2874 942 2957 aspicere
957 2874 1033 2939 deus
1048 2873 1175 2956 legitur,

77 2985 160 3047 pamm
189 2977 339 3058 prodesse
372 2995 497 3056 eaesae,
533 2977 607 3059 quia
640 2995 701 3043 non
735 2979 778 3042 sit
811 2977 965 3061 generalis
999 2976 1176 3043 diuinitatis

60 3069 190 3160 intuitus,
213 3080 268 3160 qui
290 3079 381 3143 iustis
403 3079 529 3144 tontum
551 3080 681 3162 speciali
704 3080 899 3163 benignitate
920 3079 1089 3144 tribuatur.
1113 3079 1207 3144 iamt

150 3204 166 3256 3
181 3203 255 3258 Psal.
273 3203 316 3271 32,
336 3205 370 3259 18
473 3205 640 3272 8Pm133,
660 3207 693 3261 16

114 3311 201 3370 leudi
225 3319 298 3386 quod
320 3315 346 3370 Β
370 3319 436 3385 (pro
458 3317 523 3371 audi
540 3317 607 3386 quid
624 3318 757 3372 librerias
774 3318 886 3386 sooa'pse't
904 3317 1030 3372 aenaeae
1049 3317 1126 3372 Solo.
1144 3316 1176 3370 ia

77 3393 262 3472 ¹'lidropuetiooe
277 3403 415 3458 indirecto
430 3403 494 3471 pao
510 3401 590 3458 aaut
605 3403 760 3458 ammonae
778 3405 831 3469 ota)
931 3404 946 3459 ‘l
965 3401 1176 3457 oenuersatiouis

78 3480 203 3543 duellae:
232 3488 443 3544 ooneeruationis
461 3489 517 3566 ΑΒ
534 3489 678 3554 Halmium
706 3504 785 3545 error
803 3495 879 3544 ortus
896 3495 937 3544 eet
955 3505 989 3543 ex
1006 3487 1177 3544 oammdenti

78 3579 194 3638 eneruem
207 3581 328 3631 aeterum
339 3575 375 3629 de
386 3591 454 3631 aoee
464 3577 630 3630 oonseruetio
637 3576 745 3639 :nita
757 3589 844 3630 mores
853 3575 913 3630 aid.
921 3575 1039 3631 ladmen
1107 3576 1125 3628 8
1136 3574 1175 3628 di·

79 3653 136 3710 uiuus
150 3662 258 3730 spiritus
276 3663 384 3717 metus
401 3662 430 3717 Β
529 3663 545 3717 9
563 3663 688 3732 impreoes
705 3667 737 3717 est
744 3663 833 3731 puolo
841 3668 905 3731 post
917 3668 959 3717 der
976 3661 1136 3731 impreoibus
1147 3661 1176 3717 A

79 3754 134 3805 poa
143 3750 298 3804 morensis
308 3750 357 3805 loeo
374 3749 433 3804 eod
451 3749 522 3804 alios
539 3765 645 3819 pappos
661 3763 802 3804 enomere
815 3749 974 3804 ‘moenam
985 3751 1018 3804 ilo
1030 3747 1175 3803 Sita-Ber·

77 3833 118 3890 pt
128 3832 210 3890 edm.
304 3836 336 3889 11
349 3835 667 3904 siquidem-oenenditur
678 3835 708 3890 iu
719 3835 770 3890 hoo
781 3851 831 3891 om.
844 3835 886 3902 Β,·
903 3835 990 3890 oerto
1001 3835 1101 3890 misisse
1111 3849 1175 3903 eop-

79 3911 131 3976 lldo
139 3927 198 3975 eost
209 3922 241 3976 ia
251 3921 379 3978 seluemo
390 3922 500 3977 umecta
577 3927 642 3976 oete
654 3937 731 3992 super
742 3923 808 3989 fort.
822 3922 925 3978 esame
935 3935 1037 3991 semper
1047 3926 1080 3975 ot
1088 3921 1175 3989 puolo

78 4007 228 4071 repentes
240 4023 342 4076 semper
433 4008 466 4062 14
477 4023 525 4077 per
535 4023 586 4062 orla
598 4009 626 4062 Β
715 4009 748 4063 16
761 4007 803 4062 dei
815 4023 865 4063 om.
877 4009 905 4062 Β
993 4007 1025 4061 18
1036 4009 1175 4077 promptae

80 4086 178 4157 Almod
189 4109 242 4163 per
255 4109 283 4148 ee
297 4093 371 4160 ferri
383 4095 478 4162 poerit
496 4094 544 4149 eod
561 4095 624 4149 ilieo
641 4095 716 4165 good
731 4095 857 4164 moetus
872 4095 935 4150 aeri
951 4094 1075 4149 amatae
1086 4094 1177 4149 reddit

80 4182 100 4221 ir
112 4189 188 4233 more
203 4181 236 4234 ia
252 4180 393 4234 eduntote
407 4181 439 4235 ia
450 4179 479 4234 A
495 4181 607 4250 saeptae
618 4179 698 4236 ebalo
709 4181 843 4251 empnam
854 4195 910 4235 ease
924 4194 977 4248 pro
995 4194 1022 4244 o;
1040 4179 1092 4246 cfr.
1109 4179 1176 4236 odeo.

81 4255 182 4330 11157)
200 4269 319 4334 promtae
336 4265 365 4319 Β
470 4265 503 4335 19
520 4266 555 4320 ed
572 4283 622 4325 oea.
640 4267 668 4322 A
769 4266 804 4320 22
821 4266 914 4321 audire
931 4265 1062 4320 uellemns
1080 4265 1108 4321 Β

82 4339 215 4417 23aepieere
232 4353 297 4406 dens
314 4353 417 4422 legitur
434 4353 521 4407 instes
539 4353 567 4408 Β
