2972 5000
258 381 299 448 14
739 373 895 428 Saluieni

256 567 410 652 scriptura
443 566 547 631 dicit?
584 565 777 631 formauit
813 565 939 649 igitur
976 564 1070 629 daus
1106 563 1300 628 hominem
1337 561 1383 627 de

254 674 348 740 limo
371 671 502 736 terrae
523 671 560 734 et
582 668 805 752 inspirauit
826 668 865 732 in
889 687 971 732 eum
995 668 1238 751 spiraculum
1260 667 1381 732 uitae.

255 779 286 842 et
308 775 381 857 quid
404 775 535 856 postca?
556 771 707 854 posuit,
732 771 842 854 inquit,
867 789 951 836 eum
975 770 1014 834 in
1037 769 1222 852 paradiso
1245 770 1384 853 uolup-

254 878 366 944 tatis.
398 875 473 958 quid
497 875 665 958 deinceps?
688 874 775 939 dedit
790 872 911 940 scilicet
926 875 1039 956 legem,
1062 873 1235 958 praeceptis
1251 872 1379 954 imbuit,

254 981 451 1046 institutione
485 979 644 1044 formauit.
683 978 757 1061 quid
791 979 897 1044 autem
931 979 1000 1060 post
1033 977 1111 1042 haee
1139 978 1281 1042 secutum
1312 979 1426 1044 estis

253 1083 415 1166 praeteriit
446 1082 539 1148 homo
567 1081 752 1147 mandatum
780 1099 915 1161 sacrum,
946 1081 1137 1147 sententiam
1159 1079 1267 1162 subiit,
1292 1097 1385 1163 para-

203 1196 245 1262 28
255 1187 356 1252 disum
378 1186 525 1270 perdidit,
549 1202 682 1268 poenam
705 1184 915 1249 damnationis
938 1182 1067 1267 excepit.
1101 1185 1170 1266 quis
1192 1201 1254 1248 non
1277 1184 1311 1248 in
1332 1184 1384 1248 his

254 1289 397 1355 omnibus
421 1293 453 1354 et
474 1289 715 1374 gubernatorem
738 1289 831 1354 deum
847 1287 954 1353 uideat
970 1290 1002 1352 et
1025 1288 1185 1352 indicem?
1218 1287 1384 1352 constituit

254 1394 338 1459 enim
360 1394 461 1458 Adam
491 1394 524 1457 in
553 1393 693 1475 paradiso
723 1393 930 1469 innodantem,
961 1389 1081 1474 expulit
1110 1409 1208 1456 raum.
1246 1390 1280 1454 in
1306 1408 1384 1457 con·

254 1497 419 1562 stitutione
441 1497 594 1562 ordinatio
617 1497 675 1574 est,
698 1495 732 1558 in
756 1494 934 1577 expulsione
956 1493 1119 1559 iudicium,
1152 1495 1273 1579 quando
1296 1493 1382 1558 enim
1394 1517 1425 1556 10

254 1619 326 1666 eum
348 1600 381 1665 in
402 1600 469 1665 loco
491 1598 665 1681 uoluptatis
688 1597 803 1680 posuit,
826 1596 995 1677 ordinauit,
1020 1597 1141 1680 quando
1163 1601 1269 1662 autem
1291 1615 1382 1662 reum

254 1706 291 1769 de
319 1720 413 1786 regno
441 1702 575 1785 expulit,
604 1700 768 1767 iudicauit.
807 1719 879 1783 ergo
907 1701 965 1766 boo
989 1701 1148 1783 deprimo
1175 1701 1317 1781 homine,
1348 1700 1383 1766 id

254 1809 300 1872 est
323 1806 360 1871 de
382 1809 480 1888 patre.
503 1805 579 1888 quid
600 1806 640 1870 de
662 1805 806 1884 secundo,
837 1805 869 1871 id
892 1807 943 1870 est
964 1804 1002 1869 de
1024 1804 1114 1869 filio?
1142 1803 1380 1886 factumest,

252 1910 355 1992 iuquit
388 1911 545 1992 scriptura
578 1927 682 1985 secra,
716 1910 807 1992 post
835 1909 982 1973 multos
1014 1909 1114 1986 dies,
1150 1911 1190 1973 ut
1212 1907 1381 1973 offerret

253 2010 344 2077 Cain
379 2011 423 2076 de
459 2011 666 2077 fructibus
703 2015 834 2076 terrae
870 2030 1033 2077 munera
1071 2013 1234 2077 domino.
1279 2011 1422 2077 Abelrs

252 2133 398 2197 quoque
428 2113 576 2180 obtulit
606 2115 649 2180 de
683 2113 884 2198 primitiis
918 2114 1054 2198 gregis
1085 2115 1148 2180 sni
1173 2115 1276 2180 etde
1299 2115 1381 2181 adi·

251 2217 364 2299 pibus
387 2218 480 2284 eius.
519 2220 559 2285 et
580 2217 758 2300 respexit
780 2218 966 2284 dominus
990 2218 1036 2283 ad
1055 2219 1152 2285 Abel
1176 2220 1214 2284 et
1236 2219 1280 2283 ad
1302 2237 1381 2283 mu·

250 2339 345 2386 nere
375 2321 477 2402 eius,
509 2323 555 2387 ad
577 2319 671 2388 Cain
705 2340 796 2388 uero
825 2321 932 2388 etad
965 2341 1128 2387 munera
1156 2323 1277 2386 illius
1306 2341 1381 2388 non

201 2427 433 2508 29respexit.
471 2426 654 2510 priusquam
677 2429 715 2493 de
737 2425 930 2492 euidentiore
953 2427 1068 2493 iudicio
1092 2428 1143 2493 dei
1167 2427 1279 2506 dicam,
1302 2427 1379 2508 puto

252 2531 333 2612 quod
356 2529 452 2594 etiam
473 2530 507 2593 in
529 2529 578 2594 his
602 2547 680 2612 qrrae
701 2529 768 2594 iam
790 2528 925 2594 diximus
948 2532 1100 2611 quaedem
1118 2547 1248 2595 censura
1270 2528 1422 2596 iudiciiso

252 2635 314 2715 est;
336 2631 369 2696 iu
383 2632 441 2697 hoc
457 2632 550 2707 enim,
574 2632 656 2714 quod
679 2632 771 2696 unius
794 2631 979 2697 sacrificium
1002 2634 1076 2697 deus
1099 2631 1232 2716 suscipit
1247 2633 1379 2698 alterius

253 2735 403 2814 excludit,
434 2733 667 2799 euidentissime
696 2735 804 2816 utique
827 2733 918 2798 etde
941 2735 1032 2800 unius
1055 2735 1178 2802 iustitia
1201 2738 1233 2799 et
1255 2735 1293 2800 de
1315 2734 1379 2802 ini·

253 2838 372 2921 quitate
402 2838 532 2902 alterius
563 2836 725 2903 iudicauit.
764 2838 820 2903 sed
849 2837 908 2903 hoo
938 2856 1048 2920 parum
1079 2839 1138 2905 est.
1176 2836 1253 2905 Cain
1279 2838 1380 2921 igitur

252 2942 356 3006 futuro
386 2940 514 3006 facinori
541 2941 628 3004 uiam
658 2940 802 3004 sternens
832 2938 963 3004 fratrem
986 2941 1018 3005 iu
1042 2941 1246 3007 solitudinem
1269 2941 1378 3020 trehit,

251 3045 377 3110 secretis
400 3042 669 3126 patrocinantibus
693 3042 794 3108 scelus
815 3041 955 3126 peragit,
978 3043 1183 3127 impiissimus
1206 3045 1323 3127 paritor
1345 3047 1422 3115 etas

251 3147 472 3227 stultissimus,
503 3147 557 3230 qni
587 3147 626 3211 ad
655 3147 896 3230 perpetrandum
925 3147 1097 3212 maximum
1125 3147 1209 3216 nefas
1236 3149 1379 3215 sufficere

251 3250 314 3315 sibi
342 3249 492 3333 credidit,
524 3251 552 3316 si
572 3251 716 3333 aspectus
744 3249 863 3315 uitaret
891 3249 1052 3315 hominum
1080 3251 1292 3318 fratricidium
1320 3253 1378 3319 deo

190 3416 193 3425 ,
251 3353 331 3418 teste
354 3353 503 3418 facturus.
540 3353 622 3419 unde
644 3358 729 3437 puto,
754 3351 836 3434 quod
857 3353 935 3418 baec
956 3352 989 3418 in
1011 3353 1066 3418 illo
1089 3355 1152 3419 iam
1174 3358 1250 3422 tunc
1271 3356 1378 3437 opinio

172 3473 174 3480 ·
250 3455 345 3521 fuerit
373 3475 451 3538 qnae
478 3458 616 3522 nuncin
639 3455 749 3522 multis
779 3459 842 3540 est,
872 3457 966 3522 deum
988 3456 1108 3523 scilicet
1131 3458 1293 3523 terrestria
1315 3478 1378 3526 non

250 3560 400 3642 respicere
430 3561 463 3624 et
497 3563 584 3626 actus
618 3559 840 3626 sceleratorum
873 3559 1036 3625 bominum
1070 3579 1131 3627 non
1167 3563 1282 3627 uidere.
1320 3582 1419 3632 necao

250 3663 379 3730 dubium
401 3665 458 3744 est,
482 3666 636 3746 cumpost
656 3663 775 3728 facinus
793 3663 965 3729 admissum
981 3663 1032 3730 dei
1048 3682 1189 3730 sermone
1206 3666 1378 3732 conuentus

353 3869 366 3922 1
386 3869 450 3926 Gen.
469 3869 494 3934 2,
514 3867 528 3920 7
631 3868 648 3922 3
666 3865 732 3922 Gen.
751 3867 776 3932 2,
793 3869 811 3922 8
915 3868 947 3922 13
965 3867 1029 3924 Gen.
1047 3869 1073 3934 4,
1091 3870 1160 3939 3sq.

300 4039 393 4094 deum
411 4039 502 4109 inquit
519 4039 546 4093 Β
651 4039 882 4110 idampuationis
899 4039 927 4093 A
1019 4041 1049 4095 in
1066 4057 1116 4098 om.
1134 4042 1161 4096 A
1264 4043 1374 4100 ereum

249 4129 281 4180 ou
303 4125 332 4179 Β
435 4126 468 4180 19
494 4125 656 4181 euidentiori
683 4125 710 4179 Β
814 4125 952 4180 boetiam
977 4127 1047 4195 quod
1071 4128 1099 4182 Β
1202 4129 1234 4183 21
1258 4129 1375 4198 suscepit

247 4213 276 4267 Β
379 4212 413 4266 22
431 4214 458 4266 et
476 4211 557 4267 unius
574 4212 603 4266 Β
620 4214 681 4281 (om.
700 4211 742 4280 de)
846 4211 1048 4267 msericordias
1071 4215 1099 4268 Β
1203 4215 1237 4268 26
1255 4215 1376 4271 sufficere

247 4299 288 4353 bis
305 4299 332 4352 A
348 4304 412 4355 orel
516 4298 550 4352 27
568 4300 676 4369 aspectu
694 4298 736 4352 sui
756 4298 832 4354 deret
848 4298 895 4354 sed
912 4302 925 4354 t
943 4315 1003 4368 sup.
1023 4299 1041 4355 d
1058 4299 1147 4357 adeor.
1165 4304 1233 4360 m.2
1249 4302 1276 4355 A
