3068 5012
742 425 899 480 Saluitoni

663 701 893 785 urlsronn
925 701 984 784 Vl.

393 909 571 974 Limenio
595 907 807 973 Saluianus
831 908 870 972 in
892 909 1046 973 domino
1069 909 1253 972 salutem.

302 1029 369 1094 Etsi
392 1028 455 1092 scio
478 1028 622 1093 honestas
646 1031 766 1094 mentes
794 1030 884 1111 probi
908 1031 1037 1094 affectus
1065 1049 1126 1094 uon
1155 1029 1298 1094 obliuisci
1321 1029 1389 1094 ideo

261 1135 333 1216 quia
361 1132 434 1198 boni
455 1134 489 1198 in
511 1133 597 1198 bonis
628 1132 744 1197 studiis
767 1135 855 1216 quasi
878 1136 1023 1196 naturam
1051 1132 1278 1216 quodammodo
1300 1149 1389 1196 suam

263 1236 409 1320 diligunt,
432 1239 539 1300 tamen
554 1235 636 1320 quia,
656 1240 808 1318 quantum
825 1238 857 1301 in
873 1235 962 1300 nobis
978 1236 1035 1314 est,
1052 1254 1164 1318 augere
1181 1253 1236 1300 nos
1252 1253 1388 1300 amorem
1412 1255 1426 1296 ⁵

261 1339 414 1405 bonorum
445 1340 614 1404 amicorum
643 1339 744 1403 olficio
773 1343 879 1404 nostro
908 1339 1065 1415 conuenit,
1097 1338 1328 1403 admonendum
1357 1339 1390 1402 te

261 1442 402 1508 caritatis
427 1442 502 1507 olim
525 1461 544 1506 a
566 1461 616 1505 me
640 1445 776 1523 coeptae,
798 1462 896 1525 nuper
917 1462 936 1506 a
957 1443 989 1505 te
1011 1445 1120 1507 auctae
1143 1441 1330 1518 existimaui,
1354 1443 1390 1506 ut

261 1543 367 1629 legens
390 1544 538 1626 epistolas
562 1563 654 1624 meas,
679 1544 753 1608 dum
775 1545 808 1609 in
832 1565 882 1609 me
899 1545 1040 1611 studium
1062 1546 1110 1610 tui
1126 1544 1241 1610 amoris
1256 1546 1387 1621 uideres,

260 1647 347 1713 inte
370 1647 433 1711 mei
453 1647 644 1711 accenderes,
682 1650 770 1714 dabit
792 1653 907 1724 autem,
933 1668 994 1712 non
1018 1648 1154 1732 ambigo,
1177 1653 1251 1712 deus
1273 1652 1387 1724 noster,

261 1751 298 1815 ut
320 1751 466 1816 affectum
482 1748 732 1817 Christianorum
755 1753 788 1815 in
811 1753 842 1816 te
865 1752 1016 1834 recipiens
1032 1751 1150 1817 Christi
1171 1753 1238 1834 ipso
1260 1750 1389 1816 affectus
1399 1776 1424 1814 lo

150 1843 154 1862 ’
260 1853 328 1918 fias.
361 1854 430 1917 nale
454 1855 486 1917 in
511 1854 645 1918 domino.

654 2143 885 2227 bristout
914 2145 993 2227 VH.

231 2358 247 2421 1
555 2351 656 2428 Apro
684 2353 721 2411 et
745 2347 841 2412 Vero
869 2348 1092 2414 Saluianus.

303 2467 409 2534 Officii
432 2467 538 2534 sitan
561 2470 762 2552 inpudentiae
785 2469 866 2552 quod
889 2467 975 2551 prius
998 2470 1036 2534 ad
1061 2484 1115 2533 uos
1143 2467 1263 2550 scripsi,
1292 2485 1387 2549 quam

258 2572 388 2636 euobis
410 2571 459 2636 ius
481 2571 639 2636 scribendi
662 2572 840 2654 acciperem,
865 2573 947 2637 malo
969 2573 1066 2636 uestri
1082 2589 1147 2635 esse
1168 2570 1278 2635 iudicii
1293 2589 1387 2652 quarn
1398 2598 1424 2638 15

259 2673 442 2739 adsertionis
464 2691 560 2752 meac,
585 2675 659 2756 quia
674 2693 723 2738 res
747 2676 841 2740 dubia
858 2693 894 2741 ac
912 2676 1012 2740 latens
1027 2675 1141 2740 melius
1159 2692 1280 2757 semper
1296 2675 1386 2738 bonis

259 2776 550 2858 interpretatoribus
574 2795 667 2859 quam
692 2778 783 2842 malis
813 2778 1026 2842 defensoribus
1049 2778 1196 2843 ereditur.
1232 2778 1287 2841 sed
1310 2776 1384 2840 licet

259 2877 335 2942 haec
364 2896 437 2943 uere
459 2897 492 2942 se
514 2880 560 2944 ita
588 2879 725 2946 habeant
748 2886 779 2945 et
802 2899 820 2944 a
842 2899 892 2944 me
914 2881 962 2945 ita
989 2898 1054 2945 esse
1084 2880 1246 2957 ducantur,
1279 2881 1387 2945 tamen

258 2982 296 3059 si,
319 2981 392 3065 quid
415 2983 449 3046 in
472 2982 538 3047 ueri
567 2984 708 3064 opinione
737 2985 906 3048 seeundum
935 2983 1187 3065 intellegentiam
1208 2999 1312 3047 mecm
1333 2983 1386 3060 sit,

259 3086 448 3150 audiendum
470 3103 488 3150 a
510 3105 560 3150 me
583 3090 713 3168 putatis,
738 3106 794 3171 ego
817 3090 861 3154 sic
883 3089 1025 3162 arbitror,
1049 3088 1076 3151 si
1092 3085 1215 3170 quando
1231 3088 1269 3151 de
1285 3085 1423 3151 officioso

260 3190 425 3255 deferendo
453 3191 569 3272 paruis,
598 3195 633 3256 ut
656 3209 712 3274 ego
735 3210 814 3270 sum,
846 3194 928 3273 apud
950 3190 1133 3274 superiores,
1162 3195 1198 3254 ut
1221 3208 1276 3255 uos
1299 3190 1385 3267 estis,

259 3297 367 3358 sancta
389 3294 545 3358 eontentio
561 3299 618 3370 est,
642 3294 756 3359 melius
772 3313 823 3358 eos
846 3293 955 3376 lacere,
980 3295 1007 3358 si
1029 3294 1255 3376 praeoccupent
1270 3293 1387 3375 scripto

229 3398 406 3478 2patronos
429 3416 510 3475 suos,
533 3417 626 3480 quam
649 3401 674 3462 si
692 3400 730 3463 ab
753 3398 803 3462 his
825 3400 1098 3481 praeoccupentur.
1130 3416 1203 3462 nem
1226 3415 1298 3461 curn
1320 3395 1387 3479 ipsa

260 3501 417 3565 scribendi
453 3501 704 3583 rescribendique
741 3501 914 3567 adsiduitas
951 3502 1060 3567 dandis
1099 3500 1149 3566 uel
1185 3502 1318 3566 maximo
1355 3500 1389 3563 ct

260 3604 424 3670 reddendis
453 3606 604 3687 obsequiis
634 3604 800 3683 deferatur,
830 3607 931 3670 multo
954 3621 1081 3670 necesso
1105 3604 1151 3668 est
1173 3603 1322 3669 humilius
1345 3602 1387 3666 sit
1396 3629 1423 3668 aa

261 3708 293 3772 et
321 3707 538 3790 obsequentius
573 3708 645 3772 dare
680 3708 858 3790 quempiam
889 3725 1030 3789 operam,
1065 3711 1101 3771 ut
1129 3705 1267 3772 officium
1300 3706 1387 3787 prius

259 3810 388 3888 delerat,
418 3829 512 3893 quam
541 3811 703 3893 expectare
726 3812 762 3874 ut
784 3811 871 3892 prius
894 3810 1005 3892 capiat,
1030 3811 1103 3893 quia
1125 3811 1212 3875 iuxta
1233 3810 1276 3887 id,
1305 3809 1387 3892 quod

263 4095 266 4102 ’
312 4101 326 4152 1
355 4098 379 4152 V
404 4100 436 4154 do
461 4115 512 4170 τηρ.
540 4099 563 4154 0
669 4099 686 4153 8
712 4095 816 4151 uideres
843 4095 988 4151 Halmius.-
1016 4094 1111 4150 uidens
1138 4096 1161 4151 0
1194 4096 1270 4151 uides
1295 4097 1386 4165 ecepi-

259 4191 340 4240 cotar
357 4185 504 4240 Harteb'us
608 4186 638 4240 11
662 4184 778 4239 domino.
802 4183 872 4236 finit.
895 4183 960 4236 item
979 4182 1079 4238 aliaO
1180 4183 1213 4236 14
1230 4181 1328 4238 officiis
1346 4183 1388 4236 ita

259 4268 283 4324 0
307 4275 378 4324 m.1
482 4271 516 4325 15
541 4271 623 4326 mallo
652 4269 676 4326 0
775 4269 810 4322 22
837 4269 949 4336 scriptos
975 4268 1031 4324 sed.
1057 4285 1070 4322 s
1095 4269 1145 4335 fin.
1168 4273 1267 4336 ponc.
1297 4267 1321 4323 0

259 4355 293 4409 23
310 4356 369 4423 ipsa
385 4356 432 4410 aed
449 4373 465 4410 a
481 4358 513 4410 ia
528 4373 583 4412 roe.
604 4355 724 4412 duorum
741 4357 795 4411 titt.
814 4354 837 4410 0
939 4355 973 4410 26
990 4357 1022 4408 ut
1039 4354 1112 4410 Oct.
1130 4357 1150 4409 2
1167 4352 1233 4408 add.
