3068 5012
333 423 396 490 228
820 423 977 478 Saluiani

333 615 411 697 pelli
433 633 466 680 se
488 615 655 700 pignorum
682 633 759 680 cura
779 619 811 680 et
832 613 922 698 quasi
944 614 1082 680 uiolento
1096 615 1243 680 tiliorum
1263 633 1365 680 amore
1386 632 1442 678 ceu-
1495 695 1496 700 ἵ

334 719 453 782 santur.
492 719 583 800 quasi
611 737 687 784 uero
713 719 901 801 quicumque
934 721 1041 800 patres
1074 725 1150 783 sunt
1182 736 1377 800 nequaquam
1403 719 1444 780 out

333 821 452 904 possint
478 823 535 886 aut
561 822 695 887 debcant
722 821 849 887 omuino
878 839 946 886 esse
975 821 1036 886 nisi
1058 820 1174 887 diuites
1198 822 1231 885 et
1253 839 1359 886 amare
1379 818 1446 884 filios

334 943 406 991 snos
434 926 500 992 sine
530 942 626 1008 opum
655 925 920 1007 multiplicatione
941 941 1003 989 non
1024 924 1162 1003 ualeant,
1185 928 1242 988 aut
1263 941 1339 988 uero
1360 922 1448 986 uirtus

334 1045 370 1093 ac
391 1028 548 1093 medullae
570 1026 738 1092 affectuum
759 1027 896 1093 auaritia
919 1029 950 1091 et
970 1025 1157 1111 cupiditates
1179 1028 1262 1092 sint:
1285 1025 1360 1108 quia
1379 1024 1477 1090 scili-r

334 1135 394 1210 cet,
417 1133 455 1195 ut
475 1129 526 1196 illi
554 1133 678 1212 putant,
707 1129 790 1195 sicut
813 1147 925 1211 corpus
951 1129 1019 1196 sine
1040 1131 1190 1206 medulla,
1219 1129 1266 1194 sic
1289 1147 1377 1196 amor
1397 1129 1452 1192 siue
1505 1160 1506 1166 κ

286 1231 507 1315 recepturae
538 1251 604 1298 esse
637 1250 699 1297 non
731 1232 841 1316 possit.
875 1235 956 1315 quon
984 1235 1012 1298 sn
1040 1234 1089 1299 ru
1119 1235 1178 1311 ese
1212 1235 1314 1297 omns
1349 1232 1455 1312 aesque
1495 1212 1508 1303 l

335 1336 429 1402 dubio
450 1335 550 1418 pietas
572 1336 648 1402 mali
672 1353 765 1400 causa
787 1338 847 1414 est,
870 1354 969 1418 neque
983 1335 1016 1401 in
1032 1355 1068 1401 ea
1082 1355 1192 1401 sensus
1206 1339 1281 1400 sunt
1294 1334 1457 1400 affectuum

334 1440 485 1505 bonorum
508 1439 562 1505 sed
584 1440 746 1504 incentiua
768 1439 927 1504 uitiorum.
962 1442 994 1504 et
1016 1441 1070 1505 ubi
1091 1439 1173 1504 illud
1199 1457 1323 1503 sacrum
1338 1437 1458 1502 diuinae

335 1544 530 1609 auctoritatis
557 1544 733 1608 oraculum:
763 1544 895 1625 pietas
917 1543 963 1607 ad
985 1543 1118 1608 omnia
1144 1542 1262 1606 utilis
1292 1543 1375 1606 est?
1409 1541 1504 1604 boore,

335 1647 420 1711 enim
451 1647 543 1711 modo
570 1663 632 1710 non
661 1646 763 1712 solum
792 1663 854 1710 nou
882 1647 919 1711 ad
952 1647 1057 1710 omnia
1094 1644 1183 1710 utilis
1218 1647 1271 1709 sed
1304 1662 1403 1727 paene
1433 1644 1461 1708 in
1515 1643 1516 1652 ’

335 1749 479 1816 omnibus
500 1748 679 1814 insalubris.
718 1751 745 1814 si
768 1749 851 1812 enim
881 1750 1058 1832 generatrix
1080 1748 1290 1831 cupiditatum
1312 1751 1370 1825 est,
1393 1747 1460 1828 plus
1510 1760 1519 1806 r

335 1853 369 1917 iu
391 1869 424 1915 so
445 1850 546 1915 multo
568 1851 724 1916 malornm
748 1851 887 1916 continet
909 1871 1003 1935 quarn
1025 1851 1178 1917 bonorum
1191 1851 1364 1916 secundum
1385 1849 1463 1914 illud
1519 1907 1520 1910 ,

286 1955 507 2035 13scripturae
528 1971 650 2018 sacrae:
679 1953 790 2018 radix
818 1954 987 2020 omnium
1017 1957 1208 2020 malorum
1230 1958 1292 2020 est
1315 1953 1464 2034 cupidi·
1522 1977 1524 2015 2

336 2062 402 2125 tas.
436 2056 541 2138 itaque
568 2059 596 2123 si
624 2056 711 2121 radix
739 2057 894 2122 malorum
927 2059 1069 2123 omnium
1102 2060 1150 2124 est
1183 2058 1336 2140 cupiditas
1372 2059 1466 2141 atque
1475 2080 1493 2119 15
1524 2079 1526 2119 3

335 2161 413 2225 haec
440 2160 567 2244 pietatis
597 2159 728 2225 metrica
758 2159 898 2244 gignitur
920 2164 952 2224 et
974 2163 1063 2243 quasi
1093 2162 1197 2227 uiroso
1223 2161 1364 2226 eiusdem
1385 2161 1468 2226 lacte

336 2266 484 2341 nutritur,
514 2282 575 2329 non
604 2266 671 2330 tam
700 2263 855 2347 cupiditas
884 2265 1147 2346 reprehendenda,
1182 2283 1260 2348 quae
1282 2284 1319 2329 ex
1349 2266 1468 2346 pietate
1529 2289 1530 2294 ¹

335 2368 465 2452 parente
480 2367 629 2446 nascitur,
654 2387 747 2450 quam
762 2367 831 2451 ipsa
845 2367 956 2448 pietas,
976 2386 1012 2432 ex
1027 2386 1089 2451 qua
1103 2368 1178 2433 talis
1194 2369 1259 2433 filia
1273 2372 1468 2449 procreatur.
1532 2428 1533 2433 ,

336 2491 396 2555 quo
425 2470 461 2536 fit
491 2473 538 2548 ut,
572 2471 600 2536 si
626 2474 693 2537 tam
720 2471 870 2553 pestilens
900 2471 949 2535 est
978 2472 1077 2553 pietas
1100 2489 1136 2536 ac
1158 2476 1226 2536 tam
1255 2489 1377 2550 nocens,
1413 2491 1471 2536 nec

337 2593 442 2640 amare
465 2574 610 2656 expediat
630 2593 687 2639 nec
708 2574 818 2650 amari,
847 2574 921 2656 qnia
943 2593 1000 2639 nec
1021 2579 1168 2658 parentes
1190 2595 1328 2640 amorem
1350 2576 1501 2640 debente

337 2679 481 2760 adpetere
501 2677 562 2743 sibi
583 2677 708 2742 noxium
732 2694 788 2742 neo
809 2677 985 2744 desiderare
1006 2677 1064 2743 filii
1082 2677 1265 2760 parentibus
1281 2678 1469 2742 offuturum.

288 2783 329 2848 14
337 2781 483 2862 quamuis
510 2780 566 2845 ille
586 2797 647 2845 nou
669 2779 850 2862 parentibus
877 2782 1004 2848 tantum
1027 2786 1079 2849 sed
1102 2782 1199 2847 etiam
1223 2781 1296 2848 liliis
1320 2782 1471 2846 morbum

311 2883 429 2966 ,ferat
452 2883 534 2965 quia.
547 2885 580 2948 et
601 2883 667 2948 illis
689 2885 795 2968 grauis
817 2888 875 2962 est,
905 2887 958 2968 qui
980 2885 1169 2969 perniciosas
1191 2886 1317 2968 pariunt
1339 2886 1471 2950 heredi-

338 2989 431 3066 tates,
454 2988 486 3052 et
507 2985 582 3066 illis,
606 2987 660 3069 qui
683 2989 766 3055 inter
787 2988 1041 3071 inprobissimum
1057 2990 1222 3072 quaestum
1243 2987 1366 3070 inprobi
1391 2989 1472 3054 edu·

338 3093 450 3157 cantur
481 3089 616 3157 heredes.
652 3094 684 3155 et
713 3091 788 3156 binc
816 3093 872 3168 est,
907 3091 989 3174 quod
1016 3111 1115 3174 paene
1145 3109 1252 3156 omnes
1280 3091 1506 3172 parentibusa

338 3195 404 3260 suis
438 3194 497 3259 filii
530 3212 591 3259 non
624 3194 724 3278 magis
747 3196 780 3262 in
802 3195 991 3277 patrimonia
1012 3214 1106 3278 quarn
1128 3197 1161 3260 in
1188 3195 1268 3261 uitia
1295 3196 1474 3259 succedunt

338 3317 394 3363 nec
415 3300 516 3383 magis
540 3300 706 3364 facultates
729 3301 875 3381 paternas
896 3304 1023 3364 sumunt
1046 3318 1139 3381 quam
1161 3299 1344 3382 prauitates,
1367 3315 1405 3362 ac
1422 3299 1475 3364 sic

339 3405 535 3468 transeuntes
569 3420 691 3484 semper
717 3402 752 3466 in
775 3421 873 3468 mores
905 3405 1033 3485 patrum
1061 3403 1135 3467 ante
1168 3421 1275 3474 eorum
1309 3400 1474 3484 incipiunt

337 3503 512 3586 nequitiam
534 3521 628 3587 quam
650 3506 860 3572 substantiam
882 3507 1046 3588 possidere.
1085 3509 1165 3572 bona
1187 3506 1273 3571 enim
1295 3507 1472 3586 parentum

441 3725 475 3778 10
497 3725 512 3779 I
530 3725 599 3778 Tim.
617 3725 642 3792 4,
660 3725 677 3779 8
781 3730 814 3783 14
835 3729 849 3783 I
868 3729 937 3783 Tim.
955 3731 980 3793 6,
999 3728 1033 3782 10

390 3933 473 3986 baut
491 3931 623 3986 medullae
640 3931 767 3986 affectum
786 3934 813 3988 B
915 3937 931 3990 9
954 3936 1024 3991 illud
1041 3933 1106 3989 add.
1124 3935 1156 3988 io
1173 3948 1261 4003 ooorp.
1279 3931 1333 3986 erit
1349 3948 1383 3985 m.
1402 3937 1422 3988 2
1439 3935 1472 3989 A

338 4018 376 4083 (et
397 4016 492 4087 colpe)
597 4017 637 4071 16·
657 4018 767 4088 matrice
794 4020 821 4072 B
926 4021 958 4075 17
985 4019 1147 4091 reprehende
1172 4018 1201 4072 B
1305 4018 1338 4072 18
1360 4030 1391 4070 ex
1414 4035 1471 4087 quo

338 4102 367 4156 B
468 4101 502 4156 21
522 4101 646 4172 adpetere
668 4119 689 4158 o.
711 4102 799 4162 decr.
817 4121 835 4173 p
856 4110 926 4161 m.2
948 4107 976 4160 A
1079 4104 1237 4160 obfuturum
1258 4119 1294 4158 cc
1316 4102 1469 4158 offuturum

339 4205 372 4242 m.
392 4190 412 4242 2
433 4189 461 4242 A
564 4189 599 4243 24
621 4189 742 4259 inprobie
765 4191 896 4246 docentur
913 4198 983 4249 m.1
1007 4194 1035 4247 A
1138 4191 1396 4260 copiositatem
1414 4191 1467 4243 -tis

339 4289 408 4328 corr.
426 4277 493 4414 11132
509 4276 537 4329 A
640 4276 674 4330 29
691 4291 773 4346 quam
789 4277 973 4335 substantiam
991 4294 1041 4334 oro.
1061 4279 1088 4334 Β
1186 4276 1258 4331 enim
1276 4291 1330 4331 non
1346 4275 1395 4329 sect
1412 4293 1466 4330 non

334 4364 431 4427 punct.
