3096 5018
37 327 39 462 ,
448 384 487 438 ad
505 384 684 439 ecclesiam
707 385 753 439 111
774 389 789 450 5
807 385 919 439 45-51.
1186 385 1252 454 285

36 557 37 562 ¹
123 575 293 659 refugerat,
323 575 377 658 qui
405 574 617 640 membrorum
646 592 771 640 sucrum
800 574 958 640 ulceribus
987 592 1078 640 canes
1106 578 1249 657 paueret,

36 715 37 760 p
123 697 211 760 quem
244 681 401 744 scatentes
434 677 591 744 uermium
618 677 704 760 globi
737 675 833 742 etiam
867 677 952 744 intra
980 696 1119 744 recessus
1150 678 1249 762 peresi

124 782 255 864 eorporis
287 783 460 848 exararant.
499 800 519 848 o
550 781 656 863 grauis
690 780 823 846 nimium
858 784 890 846 et
923 781 1057 863 lugenda
1091 781 1301 848 ooudieiol49

122 901 237 966 pauper
259 884 490 950 beatitudinem
513 883 590 950 emit
612 884 817 950 mendicitate
833 884 921 949 diues
937 885 1126 967 supplicium
1148 886 1250 950 facrrl-

102 990 201 1052 atate:
232 1005 360 1069 pauper,
384 1005 457 1054 cum
479 988 602 1070 penitus
626 988 674 1052 nil
695 986 831 1064 haberet,
855 990 934 1054 emit
955 989 1097 1054 aeternas
1119 989 1249 1056 diuitias

123 1093 269 1173 egestate.
309 1095 466 1173 equanto
491 1090 548 1156 has
571 1089 694 1156 facilius
716 1090 784 1156 tam
806 1091 907 1154 multa
929 1109 1035 1156 rerum
1058 1091 1249 1173 possessione

122 1194 204 1258 diues
226 1197 372 1278 potuerat
394 1213 570 1277 conparare,
595 1195 649 1275 qui
670 1195 752 1260 inter
774 1197 932 1260 tormenta
946 1197 1093 1260 aestuans
1112 1197 1143 1260 et
1166 1194 1248 1258 iuter

121 1297 270 1379 supplicia
291 1297 503 1380 proclamans:
532 1301 659 1381 pater,
682 1296 795 1380 iuquit,
819 1297 1035 1376 Abraham,
1061 1296 1250 1364 miserere

121 1399 194 1464 mei
223 1403 263 1466 et
292 1399 410 1465 mitte
441 1400 689 1478 Eleazarum,
722 1400 766 1464 ut
794 1399 1005 1480 intinguat
1034 1404 1250 1466 extremum

91 1502 240 1586 rodigiti
275 1503 335 1568 sui
363 1505 402 1569 iu
431 1523 547 1586 aqua,
582 1502 868 1585 utrefrigeret
901 1502 1079 1582 linguam
1110 1522 1248 1582 meam,

33 1591 34 1596 ¹
121 1607 209 1688 quia
232 1607 389 1672 crucior
411 1606 451 1672 in
473 1608 543 1672 bac
565 1607 736 1672 flamma.
774 1625 835 1672 nou
864 1607 1008 1672 horrebat
1030 1610 1106 1672 tunc
1129 1606 1250 1672 scilicet

122 1709 206 1774 diues
229 1710 282 1774 ille
306 1708 447 1776 llleanari
469 1713 623 1792 quondam
640 1711 787 1792 pauperis
803 1728 931 1776 manum
946 1727 1004 1776 nec
1020 1709 1250 1794 dedignabatur

122 1813 286 1879 auxilium:
318 1813 416 1878 inseri
444 1814 511 1878 eius
535 1814 650 1898 digitos
674 1816 719 1879 ori
742 1832 797 1880 suc
820 1817 852 1878 et
875 1814 1014 1897 mitigari
1037 1815 1248 1881 intolerandas

121 1915 258 1981 faucium
288 1915 432 1984 flammas
461 1917 547 1984 illius
576 1918 698 2000 pridem
728 1916 862 1982 faetidae
885 1935 921 1982 ac
944 1919 1114 1999 squalentis
1137 1935 1251 1982 manus

93 2037 247 2087 umunere
280 2021 470 2100 postulabat.
507 2039 525 2083 0
553 2022 670 2103 quauta
702 2038 809 2086 rerum
842 2021 978 2086 mutatio
1011 2020 1095 2086 faeta
1129 2020 1250 2087 fuerat!

121 2123 207 2205 tangi
240 2127 318 2187 tunc
340 2122 380 2188 ab
405 2142 441 2189 eo
464 2123 669 2201 desiderabat,
704 2142 797 2206 quem
830 2126 926 2190 etiam
960 2124 1065 2190 uidere
1094 2128 1167 2190 aute
1195 2126 1250 2190 de-

121 2227 267 2309 spexerat.
1251 2225 1254 2232 ’

161 2345 236 2410 XII.
268 2349 353 2412 Haec
376 2367 449 2432 ergo
472 2348 587 2413 diuites
615 2349 761 2431 cogitent,
792 2349 846 2430 qui
868 2348 1019 2412 redimere
1042 2343 1301 2413 facultatibusbtl

122 2450 1250 2534 mmmmmmmwmffifflmwmo

91 2552 286 2635 eloquimur,
311 2555 426 2620 diuites
449 2556 524 2620 sunt
545 2557 578 2620 et
600 2557 664 2633 isti,
688 2557 727 2620 ad
750 2573 826 2638 quos
848 2573 931 2620 nuuc
952 2555 1118 2637 loquimur.
1156 2555 1248 2619 unius

122 2659 194 2722 sunt
225 2659 376 2723 nominis:
408 2665 539 2725 caueant
562 2679 600 2724 ue
623 2661 687 2724 siut
717 2661 811 2724 etiem
835 2658 1023 2723 condicionis
1046 2658 1148 2724 unius.
1186 2675 1249 2722 nou

121 2759 298 2826 liberabunt
331 2763 415 2827 anim
448 2763 506 2828 filii
539 2762 653 2828 diuitm
685 2766 829 2844 parentes
864 2779 948 2839 reos,
987 2779 1043 2826 neo
1076 2761 1250 2842 restinguet
1288 2765 1290 2768 ’

122 2861 265 2927 flammas
288 2863 395 2928 miseri
425 2865 583 2930 testatoris
605 2864 726 2929 deliciis
748 2864 935 2929 afluentibus
958 2864 1124 2946 opulentus
1147 2864 1250 2930 heres.

123 2963 235 3030 durum
269 2966 318 3031 est
351 2967 390 3031 ab
425 2967 527 3050 aliquo
560 2967 633 3032 filiis
668 2986 703 3032 ac
734 2968 915 3050 propinquis
952 2983 1063 3048 parum
1097 2965 1299 3049 relinqui:5l

91 3071 223 3135 ramulto
245 3074 293 3134 est
315 3070 424 3135 durius
446 3072 478 3135 iu
502 3072 688 3136 aeternitate
711 3069 858 3152 torqueri.
891 3070 1000 3150 opinor
1019 3073 1100 3134 enim
1117 3069 1250 3134 diuitem

122 3171 222 3256 illum,
253 3192 323 3238 aum
346 3174 550 3255 torqueretur,
580 3191 641 3240 uon
663 3176 788 3238 tantum
812 3172 1009 3238 delectabant
1031 3190 1103 3253 opes
1125 3173 1249 3237 heredis

122 3275 167 3340 sui
202 3280 354 3358 quantum
387 3277 544 3358 augebant
577 3277 736 3342 tormenta
769 3276 904 3358 eorporis
937 3275 995 3354 sui,
1030 3293 1090 3340 uon
1124 3276 1250 3342 tantum

222 3465 240 3518 8
263 3463 326 3517 Luc.
346 3464 387 3530 16,
405 3463 440 3518 24

171 3636 187 3688 5
206 3633 332 3702 paenitus
349 3635 377 3687 A
468 3633 592 3701 8inquit
609 3648 645 3686 eoo
662 3631 758 3700 inquid
776 3647 846 3686 corr.
863 3635 930 3686 Μ
947 3633 974 3686 Β
1068 3633 1084 3686 9
1102 3633 1250 3687 eleazarum

29 3707 30 3754 ἶ
122 3737 189 3776 eros.
210 3721 252 3776 bis
269 3721 307 3776 tit.
328 3720 406 3774 esed
423 3721 465 3775 no
482 3725 514 3774 nt
538 3735 595 3774 non
618 3720 730 3773 omnino
752 3719 899 3774 coannerit
921 3719 949 3772 A
978 3719 1095 3772 lacerum
1118 3719 1160 3784 Β,
1186 3720 1251 3773 bem

116 3809 283 3877 paulopost
301 3805 410 3860 eleazari
430 3811 456 3862 nt
473 3805 558 3860 lauari
646 3806 676 3858 11
696 3807 802 3858 errabat
820 3806 847 3862 Β
937 3806 969 3860 13
987 3807 1043 3860 eius
1060 3805 1144 3858 inseri
1162 3805 1250 3874 siqnis

121 3895 347 3964 transpositiones
364 3893 470 3947 additis
487 3892 515 3946 Β
617 3890 811 3946 intollerandas
830 3891 857 3944 Β
961 3891 994 3946 14
1012 3890 1127 3944 foetidae
1145 3892 1204 3956 (sic)
1223 3894 1251 3948 A

120 3981 197 4050 faede
223 3997 246 4034 s.
271 3995 322 4034 scr.
348 3996 382 4034 nc.
406 3981 426 4032 2
452 3979 477 4032 ti
502 3979 530 4032 Β
650 3977 683 4030 16
709 3978 781 4032 tanti
809 3978 836 4031 Β
950 3977 1100 4044 disperaret
1125 3977 1180 4030 AB

121 4068 163 4122 18.
180 4069 215 4122 20
237 4065 516 4134 diuites-loquimur
535 4070 600 4132 post
622 4065 687 4118 sunt
708 4063 824 4116 nominis
845 4062 924 4118 babet
942 4064 969 4116 A
986 4063 1033 4122 sed
1050 4062 1137 4132 manis
1154 4067 1248 4116 trans·

119 4153 265 4220 positionis
282 4157 345 4207 nal
364 4158 389 4206 et
406 4169 441 4208 m.
458 4154 479 4205 2
496 4167 516 4205 s.
529 4151 609 4204 unius
621 4165 671 4206 scr.
685 4149 710 4213 b,
728 4165 749 4203 s.
763 4149 862 4202 diuites
874 4166 891 4204 a
902 4149 943 4202 lit.
1038 4149 1070 4203 21
1084 4148 1249 4202 conditionis

123 4239 165 4293 bic
182 4242 210 4294 A
297 4239 331 4292 23
349 4238 448 4292 diliciis
466 4237 628 4292 diluentibus
646 4236 702 4292 AB
729 4235 764 4302 cf.
780 4236 947 4303 paulopost
964 4240 990 4289 et
1008 4235 1099 4290 1148
1185 4249 1249 4302 opu-

123 4324 211 4380 lentus
229 4342 263 4381 coc
283 4325 368 4379 -tibus
387 4341 456 4380 corr.
475 4341 509 4380 ni.
528 4327 548 4378 2
565 4323 592 4376 Β
695 4323 770 4376 heres
793 4338 827 4376 cc
850 4321 957 4376 heredes
975 4337 1043 4377 corr.
1061 4337 1096 4375 nt.
1115 4323 1135 4374 2
1153 4320 1181 4374 A
