2972 5000
266 386 309 456 60
586 426 589 435 .
749 382 907 441 Saluiani

266 592 394 641 nonno
415 572 564 640 diuites
584 591 654 655 per
675 571 1395 655 66166116666611616611166166666

266 677 345 762 ipsi
377 677 662 762 blasphemant
688 677 825 744 bonum
852 694 1004 754 nomen,
1039 675 1139 757 quod
1170 674 1396 741 inuocatum

215 777 470 864 6366166661
498 783 590 846 nos?
633 797 730 865 graue
751 779 811 845 boc
833 778 966 862 apostoli
993 777 1211 862 testimonium
1240 779 1304 854 661,
1332 775 1396 844 6161

214 915 221 930 »
264 883 345 950 16116
366 885 520 954 immunes
543 902 577 950 se
599 885 639 950 ab
661 901 696 948 co
718 881 839 948 nobiles
862 883 984 966 putent,
1008 881 1082 966 quia
1103 882 1179 946 sunt
1198 879 1256 946 soli
1279 879 1395 949 diuites

263 987 427 1055 nominati.
471 988 525 1053 sed
558 985 724 1054 aut-idem
752 989 825 1052 sunt
852 984 971 1050 nobiles
995 985 1049 1068 qni
1077 983 1109 1050 61
1131 983 1259 1064 diuites,
1290 983 1434 1051 anisio

263 1096 337 1158 sunt
359 1092 473 1158 diuites
495 1095 619 1174 praeter
641 1088 777 1170 nobiles,
801 1091 833 1153 61
855 1089 914 1173 ipsi
936 1092 1043 1152 tamen
1065 1087 1130 1152 iam
1152 1087 1242 1171 quasi
1264 1087 1393 1168 nobiles,

264 1194 338 1278 quia
365 1195 454 1262 16616
482 1195 529 1260 661
555 1193 683 1260 16166116
712 1191 807 1258 huius
836 1192 1001 1276 temporis,
1035 1193 1071 1256 ut
1104 1190 1210 1255 nullus
1240 1190 1395 1256 habeatur

261 1297 363 1380 magis
378 1296 492 1364 nobilis
508 1315 602 1380 qnam
623 1296 678 1378 qui
701 1300 749 1362 661
771 1294 942 1380 plurimum
958 1293 1055 1359 diues.
1079 1296 1133 1359 sed
1148 1292 1214 1358 siue
1236 1293 1274 1357 de
1296 1293 1393 1358 alter-

261 1399 342 1466 utris
369 1399 437 1466 siue
466 1404 504 1467 de
527 1398 668 1484 utrisque
698 1399 857 1482 apostolus
888 1397 1016 1479 dixerit,
1044 1396 1137 1462 facile
1167 1396 1205 1461 de
1227 1396 1285 1464 boc
1308 1415 1394 1463 com-

261 1505 337 1588 poni
357 1506 476 1588 potest3
500 1521 561 1570 non
584 1501 669 1569 enim
691 1501 831 1582 interest,
855 1501 893 1566 de
916 1519 978 1584 qua
999 1499 1058 1567 hoc
1079 1498 1281 1583 potissimum
1303 1505 1433 1584 pastore

209 1601 380 1676 6411161616
405 1609 457 1685 611,
480 1609 562 1690 quod
584 1605 709 1688 utrique
732 1607 853 1670 certum
876 1606 924 1669 661
947 1605 1121 1670 666666116.
1145 1603 1215 1685 quis
1231 1603 1315 1668 enim
1338 1603 1393 1669 uel

217 1743 220 1750 ·
260 1713 414 1780 nobilium
431 1712 558 1777 omnino
573 1710 625 1775 uel
640 1709 778 1775 diuitum
799 1709 927 1774 horrens
943 1707 1098 1774 crimina?
1124 1706 1269 1791 quamuis
1285 1706 1318 1770 in
1332 1705 1393 1772 hoc

211 1797 216 1804 ’
260 1815 445 1894 fefellerim
467 1813 563 1880 multi
585 1813 669 1878 enim
691 1813 817 1878 horrent
840 1811 897 1876 sed
911 1811 1094 1897 paucissimi
1110 1811 1240 1876 euitant.
1263 1811 1296 1874 in
1318 1809 1390 1874 aliis

260 1919 375 2002 quippe
397 1918 524 1982 horrent
539 1916 620 1998 quod
635 1915 670 1980 16
684 1934 718 1980 66
734 1933 856 1998 semper
874 1915 1058 1993 admittunt,
1082 1914 1199 1980 mirum
1213 1915 1245 1979 in
1262 1914 1391 1980 modum

258 2019 291 2083 61
314 2019 507 2083 accusatores
530 2018 698 2080 eorundem
720 2015 886 2080 criminum
909 2017 941 2080 61
968 2020 1169 2081 exsecutores.
1208 2018 1430 2085 616616616116

258 2120 384 2203 publice
412 2120 494 2204 qnod
522 2117 642 2184 occulte
670 2121 784 2200 agunt,
818 2137 854 2182 66
881 2138 937 2202 per
964 2119 1038 2197 hoc,
1076 2119 1152 2184 dum
1181 2119 1327 2185 damnare
1356 2139 1390 2186 66

258 2225 373 2291 6616166
399 2226 527 2310 putant,
562 2223 644 2304 ipsos
674 2239 708 2286 se
738 2223 838 2304 magis
866 2223 990 2305 propria
1018 2221 1284 2288 animaduersione
1315 2242 1389 2289 con·

205 2318 415 2394 bouemnenu
439 2327 494 2394 sed
516 2325 731 2408 relinquamus
753 2325 843 2402 istos,
866 2326 919 2407 qui
940 2325 1040 2410 magis
1062 2327 1107 2392 161
1130 2327 1213 2392 sunt.
1247 2328 1316 2412 quis
1339 2325 1390 2392 661

256 2428 309 2494 661
331 2427 419 2494 diues
450 2428 575 2516 omnino
603 2429 656 2493 uel
671 2427 799 2494 nobilis
829 2429 884 2493 6111
906 2428 1115 2494 innocontiam
1143 2448 1270 2494 seruans
1292 2433 1347 2497 aut
1370 2449 1389 2496 a

257 2529 377 2597 cunctis
407 2531 575 2597 sceleribus
602 2548 714 2596 manus
745 2529 932 2597 abstinens?
974 2551 1163 2615 quamquam
1192 2533 1345 2615 superduc
1369 2553 1428 2602 aso

170 2677 172 2682 .
257 2632 377 2698 cunctis
400 2633 548 2700 dixerim:
579 2633 704 2698 utinam
725 2635 777 2699 uel
808 2634 1007 2714 amanimis‚
1036 2635 1109 2718 quia
1138 2637 1248 2702 uolunt
1270 2636 1330 2702 sibi
1352 2637 1388 2703 id
1420 2651 1424 2659 '

255 2737 335 2803 16116
357 2738 490 2803 61616166
513 2736 603 2820 quasi
625 2735 784 2821 priuilegii
807 2735 986 2822 uindicare,
1015 2741 1052 2802 61
1079 2739 1146 2804 1616
1175 2757 1231 2805 666
1254 2739 1387 2806 crimina

255 2839 452 2906 6611616616
474 2839 684 2906 committant.
722 2841 826 2922 itaque
857 2840 894 2904 de
917 2841 1055 2923 peccatis
1085 2841 1277 2907 facilioribus
1305 2843 1387 2909 nibil

255 2942 335 3009 dico.
373 2942 536 3010 uideamus
560 2941 588 3007 si
610 2943 663 3007 uel
685 2961 704 3007 6
725 2944 846 3009 duobus
869 2942 936 3009 illis
965 2946 1054 3027 quasi
1082 2945 1268 3029 capitalibus
1292 2945 1386 3012 malis

254 3045 339 3111 ullus
362 3045 512 3112 immunis
536 3046 594 3125 est,
618 3044 720 3111 idest
744 3047 856 3111 66161
879 3046 1049 3139 homicidio
1073 3049 1156 3114 6616
1174 3049 1290 3131 stupro.
1314 3051 1384 3133 quis
1394 3077 1425 3119 66

255 3149 341 3214 enim
363 3151 410 3216 661
433 3151 489 3216 661
511 3149 648 3214 humano
671 3150 821 3232 sanguine
843 3169 905 3216 non
929 3153 1076 3217 cruentus
1098 3157 1300 3219 6616666666
1320 3154 1384 3220 im-
1417 3171 1422 3176 ·

253 3251 392 3334 puritate
408 3271 469 3318 non
485 3251 650 3318 sordidus?
666 3271 763 3316 unum
779 3253 907 3337 quidem
918 3273 955 3318 ex
967 3255 1014 3319 his
1027 3256 1066 3320 ad
1077 3274 1209 3338 poenam
1223 3260 1384 3323 aeternam

254 3353 389 3438 sufficit,
418 3358 472 3421 sed
500 3374 594 3438 prope
625 3354 732 3420 nullus
765 3353 902 3422 diuitum
932 3375 994 3423 non
1016 3360 1183 3442 utrumque
1213 3359 1384 3427 commisit.

201 3449 244 3517 56
296 3455 352 3522 XI.
376 3455 437 3523 Sed
464 3457 684 3541 cogitationis
708 3457 818 3540 aliquis
841 3459 879 3524 de
900 3460 958 3525 boc
978 3480 1125 3528 numero:
1148 3481 1205 3544 ogo
1227 3463 1291 3528 iam
1320 3464 1383 3528 ista

252 3575 315 3624 non
337 3559 427 3625 16616.
465 3563 572 3640 lando,
600 3560 629 3626 si
650 3578 714 3628 non
736 3561 829 3639 facis,
858 3564 913 3628 sed
935 3565 1041 3630 tamen
1065 3565 1145 3632 lorte
1173 3571 1246 3632 ante
1268 3566 1425 3653 fecisti‚eo

301 3711 522 3768 316611616ῃὶ661
539 3713 655 3782 apostoli
672 3715 714 3768 cst
730 3714 759 3768 Β
857 3716 873 3769 5
891 3715 962 3770 idem
976 3723 1089 3786 praeter
1106 3719 1160 3774 AB
1177 3721 1256 3788 611661
1275 3737 1300 3788 6,
1322 3735 1381 3776 aon

250 3796 331 3852 iidem
344 3798 602 3866 qaoonraeeieceo
613 3797 727 3854 (16161111
813 3801 845 3856 12
863 3802 908 3856 uel
925 3818 957 3858 us
974 3804 1002 3858 Δ
1090 3804 1123 3860 13
1139 3805 1249 3861 horrent
1266 3821 1300 3862 66
1317 3805 1381 3860 hor·

249 3885 314 3938 runt
331 3884 359 3940 A
376 3887 536 3940 6616662
639 3885 673 3938 14
696 3885 842 3940 immodum
863 3887 892 3942 A
995 3889 1027 3958 15
1051 3892 1188 3946 accusator
1208 3907 1264 3950 esse
1282 3891 1309 3946 A
1335 3907 1381 3948 ex-

250 3974 414 4026 aocusatoras
441 3971 470 4026 B
564 3973 728 4026 exsecutores
755 3972 902 4029 1166161166
929 3977 1056 4044 (propter
1080 3992 1152 4048 seqq.
1177 3977 1250 4048 quod
1275 3979 1381 4036 66611116

249 4058 363 4124 agnum:
398 4058 564 4112 excusatores
590 4057 651 4113 AB
670 4057 803 4131 Halmius
939 4065 1107 4118 amoenantur
1137 4064 1166 4120 B
1194 4070 1226 4120 ut
1251 4065 1309 4122 aid.

250 4141 283 4199 16
310 4141 453 4211 dampnare
479 4149 506 4199 ct
527 4149 593 4212 post
619 4143 815 4213 condempnant
839 4147 900 4213 fere
924 4148 1039 4218 uticum
1069 4165 1157 4220 quaec
1182 4150 1214 4205 16
1235 4156 1381 4220 bouem

247 4226 317 4284 calte
333 4242 391 4282 1166
407 4228 547 4286 1111661616
651 4229 682 4283 17
705 4232 807 4300 putant
823 4232 895 4300 ipsos
912 4249 941 4286 se
958 4236 1057 4290 eeteros
1074 4237 1175 4304 putent
1192 4236 1263 4306 ipos
1280 4236 1309 4292 Β

250 4311 285 4367 22
302 4312 477 4383 priuilegium
494 4314 581 4370 dicare
599 4315 627 4370 Β
729 4316 763 4372 21
781 4317 901 4374 sordibus
918 4321 946 4375 Δ
1078 4329 1085 4349 ¹
