3096 5018
286 400 350 466 264
774 399 929 454 Saluiani

288 590 364 656 ferri
392 591 499 673 possit,
530 593 583 656 sod
609 590 724 672 tamen
756 589 881 656 etiamsi
903 588 1011 666 fertur,
1043 589 1089 653 ita
1110 589 1274 656 ferendum
1297 591 1356 672 est,
1379 590 1417 653 ut

287 710 343 776 pro
366 693 518 774 qualitate
541 693 765 758 necessitatum
788 693 882 775 atquo
906 710 1071 758 causarum
1093 691 1280 758 sufficientia
1302 691 1416 756 rotine-

288 797 380 861 antur
407 797 601 862 inmoderata
624 800 810 862 resecentur.
848 795 1042 860 habentes
1072 794 1189 874 enim,
1217 795 1319 876 inquit
1341 813 1416 877 apo·

288 899 397 982 stolus,
420 898 570 965 uictum
593 900 631 964 et
653 899 847 964 uestitum
869 897 931 962 his
955 898 1135 962 contenti
1158 896 1290 962 simus.
1328 918 1417 964 nam

288 1000 354 1084 qui
375 1001 514 1066 uolunt
536 1002 686 1069 diuites
709 1001 819 1080 fieri,
842 1000 1029 1066 incidunt
1050 1000 1089 1064 in
1112 1000 1417 1084 temptationem
1442 1027 1457 1070 s

288 1105 326 1170 et
347 1104 530 1187 laqueum
559 1105 724 1172 diaboli.
762 1122 845 1187 ergo,
873 1107 909 1169 ut
937 1103 1089 1181 uidemus,
1118 1103 1152 1168 in
1173 1102 1266 1168 rebus
1289 1105 1418 1170 tautum

288 1207 470 1274 necessariis
493 1208 578 1274 salus
602 1211 649 1274 est
672 1209 704 1272 in
728 1207 892 1293 superfiuis
915 1207 1055 1290 laqueus,
1078 1207 1109 1272 in
1133 1206 1348 1272 mediocritate
1368 1206 1418 1272 dci

287 1312 389 1394 gratia
408 1311 443 1376 in
469 1310 590 1376 diuitiis
623 1311 739 1378 diaboli
773 1315 892 1376 catana.
930 1311 1063 1394 denique
1096 1312 1170 1394 quid
1204 1311 1314 1374 statim
1344 1327 1417 1392 apo-

287 1414 385 1478 stolus
413 1413 544 1480 subdit?
581 1435 678 1498 quae
707 1416 966 1500 demergunt,
997 1413 1117 1498 inquit,
1147 1414 1348 1480 hominem
1376 1413 1418 1478 in

236 1513 496 1582 fifiinteritum
525 1522 563 1584 et
592 1518 874 1601 perditionem.
914 1535 1004 1601 crgo,
1035 1519 1063 1582 si
1093 1517 1222 1584 diuitias
1251 1517 1456 1582 interitumro

288 1624 319 1686 in
343 1640 376 1686 se
390 1619 516 1702 habent,
540 1623 692 1686 enitemus
708 1621 910 1704 opulentiam,
934 1640 973 1685 ne
987 1621 1020 1684 in
1036 1621 1202 1686 interitum
1218 1639 1416 1686 conrnamus.

287 1727 393 1806 ampla
415 1742 452 1789 ac
479 1725 618 1806 locuples
650 1724 786 1790 facultas
816 1725 1022 1806 perditionem
1051 1723 1169 1789 inferre
1200 1723 1330 1789 dicitur:
1366 1741 1416 1787 re·

287 1828 434 1910 fugienda
465 1829 513 1892 est
542 1828 646 1909 ampla
675 1828 838 1910 possessio,
869 1846 908 1892 ue
939 1830 1145 1910 consequatur
1166 1826 1320 1909 profunda
1342 1846 1416 1909 per·

288 1929 375 1994 ditio.
416 1948 453 1994 ao
475 1949 529 2012 per
551 1931 609 1995 hoc
631 1931 697 1995 siue
720 1949 810 1995 serus
833 1931 899 1997 sine
916 1935 1002 1997 actas
1026 1930 1092 1996 siue
1113 1930 1283 1994 infirmitas
1306 1947 1416 1994 neces·

288 2034 372 2098 saria
404 2033 573 2116 requirant,
607 2034 836 2100 sufficientibus
871 2033 987 2100 debent
1022 2051 1088 2099 esse
1121 2033 1270 2098 contenta
1303 2033 1350 2098 ita
1381 2035 1454 2102 ut1s

289 2137 437 2220 quidquid
465 2137 688 2221 temporarium
716 2137 836 2203 excedit
857 2157 951 2202 usum
974 2137 1156 2223 religiosum
1179 2137 1324 2202 absumat
1346 2136 1417 2201 offi-

238 2244 278 2309 63
289 2241 380 2306 cium.
419 2242 557 2306 ceterum
590 2243 618 2306 si
651 2244 703 2320 tu,
738 2243 925 2326 quicumque
959 2242 1014 2306 aut
1049 2259 1259 2324 quaecumque
1291 2239 1350 2304 illa
1384 2259 1417 2304 es

288 2347 412 2410 sanctae
435 2343 644 2426 professionis
667 2346 694 2410 si
717 2349 753 2409 tu
775 2349 829 2410 aut
852 2343 1071 2409 conseruandis
1095 2343 1205 2427 opibus
1227 2347 1284 2407 aut
1306 2361 1416 2408 cumu-

288 2447 390 2512 landis
424 2449 628 2515 facultatibus
663 2448 775 2532 inhies,
808 2447 963 2533 superflue
987 2446 1025 2512 de
1056 2446 1241 2511 infirmitate
1270 2448 1415 2512 causaris.

289 2550 440 2632 numquid
464 2551 548 2615 enim
570 2551 720 2617 infirmior
744 2571 833 2616 sexus
851 2555 961 2617 ducere
978 2550 1072 2615 aliter
1094 2551 1195 2616 uitam
1218 2568 1279 2616 non
1300 2552 1455 2634 potesta

289 2654 353 2718 nisi
374 2653 470 2718 animi
493 2654 542 2718 sui
565 2672 654 2719 curas
672 2653 777 2718 multa
790 2654 929 2738 ingentis
948 2653 1130 2735 patrimonii
1146 2653 1417 2718 administratione

289 2756 499 2822 distenderit?
529 2757 682 2839 numquid
704 2757 809 2842 puella
831 2776 920 2823 sacra
943 2760 997 2822 aut
1020 2757 1115 2822 uidua
1138 2758 1283 2822 castitate
1305 2756 1419 2822 deuota

289 2878 413 2924 seruare
441 2861 592 2925 inlaesam
621 2863 746 2927 sanotae
769 2860 967 2944 professionis
990 2859 1254 2943 perseuerantiam
1275 2878 1338 2925 non
1361 2879 1418 2926 ua·

289 2961 365 3045 lent,
389 2962 450 3028 nisi
471 2965 593 3046 argenti
616 2968 648 3029 et
671 2965 739 3030 auri
760 2963 948 3048 ponderibus
964 2965 1143 3030 incubarint
1159 2965 1316 3030 aetantes
1333 2963 1418 3028 intra

291 3066 511 3131 conscientiam
539 3084 611 3149 opes
639 3069 797 3151 possidere
819 3087 851 3134 se
875 3071 1030 3150 uenerint,
1059 3070 1194 3150 quantas
1223 3086 1297 3132 usus
1320 3067 1454 3150 possi-a

239 3169 433 3240 fi4dcntium
466 3187 527 3234 non
561 3169 714 3253 requirit?
752 3174 816 3254 aut,
852 3170 926 3253 quia
959 3169 1032 3236 huic
1062 3175 1093 3236 et
1123 3170 1208 3234 sexui
1241 3169 1356 3253 pariter
1387 3172 1419 3234 et

290 3273 401 3355 pudori
424 3273 510 3356 quies
532 3275 667 3338 maxime
690 3273 862 3338 necessaria
891 3277 947 3352 est,
978 3273 1129 3357 numquid
1152 3271 1333 3355 inpossibile
1356 3272 1418 3339 sibi

292 3376 454 3460 quaepiam
484 3376 565 3442 forts
595 3375 743 3454 aestimat
772 3376 855 3441 inter
877 3395 975 3458 pauca
997 3375 1220 3441 famulantium
1242 3377 1419 3443 ministeria

291 3480 477 3545 inuiolatam
511 3480 648 3562 quietem
682 3498 770 3564 posse
799 3499 934 3562 seruare,
968 3480 1030 3545 nisi
1060 3498 1149 3545 aures
1181 3480 1246 3544 eius
1276 3481 1418 3548 familiae

290 3583 426 3666 ingentis
463 3585 612 3665 strepitus
650 3581 822 3650 uerberarit
855 3585 889 3649 et
922 3585 1086 3650 turbarum
1119 3585 1418 3649 circumsonantium
1428 3609 1457 3648 ao

291 3687 503 3753 tumultuosus
535 3688 652 3754 clamor
682 3688 862 3754 obtuderit?
895 3707 974 3774 quae
1003 3687 1113 3770 utique
1142 3688 1270 3753 sanctae
1295 3687 1419 3752 animae

393 3894 411 3947 3
433 3893 448 3948 I
466 3894 535 3948 uim.
554 3895 578 3960 6,
596 3895 614 3950 8
716 3894 733 3949 9
756 3895 822 3948 ibid.
841 3912 867 3948 u.
885 3895 902 3949 9

345 4084 358 4136 l
383 4081 487 4136 feratur
510 4080 550 4136 cd.
573 4082 708 4136 Baccarus
810 4083 827 4136 5
853 4081 1045 4149 temptationes
1072 4080 1100 4134 Β
1204 4082 1235 4136 11
1263 4096 1420 4135 corruamus

292 4169 319 4223 Β
424 4169 457 4222 18
483 4168 507 4222 si
534 4169 565 4220 tu
592 4183 641 4221 om.
669 4167 808 4222 Boiocalus
918 4167 950 4221 19
976 4167 1122 4235 superfiuas
1149 4166 1181 4220 do
1207 4165 1366 4222 infirmitate
1392 4172 1420 4222 A

292 4254 474 4324 superfluentis
491 4253 661 4308 infirmitatis
678 4270 713 4307 m.
730 4259 747 4308 1
766 4254 794 4308 Β
893 4253 925 4306 21
945 4251 1046 4306 multas
1063 4253 1092 4307 Β
1195 4251 1229 4306 23
1247 4252 1368 4307 illaesam
1386 4269 1421 4308 ca

293 4342 341 4396 inl.
360 4357 431 4396 corr.
449 4357 483 4396 m.
501 4342 522 4395 2
538 4340 566 4394 Β
670 4339 705 4394 24
722 4341 842 4409 argenti
860 4340 888 4393 A
991 4338 1180 4394 incubaueriut
1199 4340 1226 4394 Β
