2972 5000
407 378 443 432 de
461 377 598 447 gubern.
617 378 668 433 dei
692 379 740 444 15
760 380 836 435 3-6.
1163 386 1186 452 5

88 569 157 632 otton
183 565 342 648 religionis
375 572 513 650 expertes
532 568 566 633 ui
588 568 657 652 ipse
679 571 711 634 et
733 569 869 652 quadam
889 571 1075 636 necessitate
1099 589 1183 636 com-

88 670 147 753 pulsi
166 669 195 732 et
215 670 328 734 sentiri
351 671 456 736 omnis
478 689 497 736 a
519 672 576 738 deo
601 675 632 737 et
653 674 773 739 moueri
795 673 826 740 et
847 676 913 758 regi
936 673 1080 753 dixerint,
1104 692 1183 756 quc·

88 771 153 836 nodo
179 791 258 836 nuuc
289 792 361 838 eum
390 773 583 840 incuriosum
611 776 737 858 quidam
761 793 796 842 ae
818 776 1036 862 neglegentem
1058 780 1183 860 putant,

87 877 167 956 quiet
186 877 302 940 sentiet
332 878 437 943 omnia
465 896 520 960 per
548 878 756 944 subtilitatem
779 882 810 943 et
831 882 955 946 moueat
977 899 1032 963 per
1055 880 1181 946 fortitu-

74 980 164 1042 eliuem
183 981 213 1043 et
235 983 328 1062 regat
349 1000 404 1063 per
426 982 615 1063 potestatem
631 983 663 1046 et
686 981 840 1048 custodiet
862 1001 915 1066 per
932 984 1184 1068 benignitatem?

88 1081 144 1160 diui,
170 1081 244 1164 quid
268 1083 307 1148 de
329 1083 494 1156 maiestate
517 1102 553 1150 ac
574 1085 783 1152 moderamine
812 1087 930 1154 summi·
958 1087 1008 1152 dei
1030 1088 1184 1170 principes

88 1188 112 1249 et
131 1186 330 1269 philosophiae
361 1188 457 1252 simul
484 1191 516 1253 et
539 1188 732 1271 eloquentiae
767 1189 942 1256 iudicarint.
981 1192 1055 1260 ideo·
1078 1196 1184 1261 autem

89 1289 266 1356 utilissimos
290 1289 453 1373 utriuspue
468 1292 745 1359 excellentissimae
768 1295 845 1358 artis
869 1295 1035 1379 magistros
1056 1297 1183 1378 pretuli,

88 1411 132 1474 quo
154 1393 274 1458 facilius
307 1395 357 1458 uel
392 1413 497 1460 omnes
532 1396 610 1462 alios
643 1396 726 1462 idem
760 1397 894 1463 sensisse
922 1399 974 1463 uel
1004 1403 1087 1464 certe
1116 1399 1184 1464 sine

68 1497 242 1564 elucentem
276 1499 382 1580 aliqua
413 1499 594 1565 dissensisse
625 1504 843 1568 monstrarem.
882 1503 915 1567 et
942 1521 1015 1568 sene
1044 1504 1192 1570 inuenire'

88 1602 194 1682 aliquos,
226 1605 281 1686 qud
303 1606 342 1670 ab
364 1603 499 1668 istorum
528 1604 644 1670 iudicio
674 1605 932 1688 discrepassent,
964 1606 1087 1690 praeter
1108 1607 1183 1688 Epi·

88 1723 217 1770 urorum
254 1707 306 1772 uel
342 1707 536 1789 quorundam
580 1707 841 1790 epicurizantium
883 1710 1087 1775 deliramenta
1123 1727 1183 1775 non

88 1826 198 1887 possum,
222 1812 277 1892 qui
300 1811 382 1876 sicui
403 1811 599 1893 uoluptatem
621 1829 693 1876 cum
715 1812 833 1877 uirtute
855 1813 900 1877 sie
922 1813 1015 1878 deum
1040 1832 1115 1878 cum*
1134 1813 1184 1878 im·

88 1913 148 1977 cuna
166 1933 199 1979 ae
221 1916 348 1997 torpore
370 1914 548 1994 iunxerunt,
572 1917 608 1980 ut
630 1919 777 1998 appareat
799 1933 860 1993 eos,
888 1917 942 1999 qui
965 1917 1012 1982 ita
1034 1916 1183 1999 sentiunt,

70 2015 143 2080 scient
165 2035 291 2082 sensum
319 2018 542 2101 Epicureorum
571 2019 664 2101 atque
693 2021 882 2086 sententiam
912 2021 960 2086 ite
987 2021 1084 2086 etiam
1107 2019 1185 2086 uitia

88 2120 181 2184 secturi.

114 2223 148 2288 ll.
168 2225 237 2290 llen
259 2225 335 2306 puto
351 2228 432 2308 quod
453 2227 493 2291 ad
506 2226 699 2308 prebendam
721 2244 803 2291 nune
823 2245 889 2292 rem
910 2228 976 2301 tam
989 2226 1215 2310 perspicuant

88 2327 157 2392 etiam
177 2328 293 2394 diuinis
316 2328 364 2394 uti
386 2328 443 2395 hoc
463 2328 531 2394 loeo
552 2329 740 2396 testimoniis
756 2329 934 2408 debeamus,
958 2331 1090 2394 maxime
1113 2329 1185 2410 quia

88 2445 216 2496 sermones
233 2432 314 2497 saeui
328 2432 376 2498 ita
392 2432 515 2498 obunde
529 2436 561 2497 et
578 2431 737 2497 euidenter
752 2432 872 2496 eunetis
887 2431 1056 2515 impierum
1071 2448 1184 2514 prope«

69 2532 221 2601 cultionibus
244 2535 473 2613 contradicunt,
497 2538 543 2614 ut,
567 2536 643 2600 dum
664 2534 866 2618 sequentibus
890 2553 997 2599 eorum
1019 2532 1185 2599 calumniis

88 2636 281 2716 satisfacimus,
301 2639 397 2706 etiam
421 2657 457 2702 ea
480 2657 559 2720 quae
580 2656 674 2720 supra
696 2638 780 2703 dicta
802 2642 876 2703 sunt
903 2637 1030 2721 plenius
1049 2637 1186 2706 refudere

87 2741 223 2818 possimus.
246 2742 339 2808 aiunt
353 2742 450 2827 igitur
465 2761 485 2807 a
505 2745 560 2808 deo
576 2743 682 2808 omnia
699 2743 921 2825 praetermitti,
945 2742 1019 2824 quia
1032 2759 1090 2811 uec
1104 2759 1186 2808 coer·

41 2839 42 2922 l
87 2847 136 2907 cert
148 2846 242 2910 melos
259 2865 320 2912 nee
338 2847 462 2910 tueatur
477 2846 585 2928 bones,
605 2852 636 2910 et
652 2845 722 2910 idee
737 2845 772 2910 in
788 2844 846 2910 hoe
861 2846 984 2911 saeculo
999 2845 1185 2915 deteriorem

87 2945 225 3012 olnodum
248 2951 368 3014 statum
384 2967 450 3013 esse
472 2947 654 3014 meliorum:
678 2950 771 3014 tonos
786 2949 899 3030 quippe
915 2966 981 3013 esse
996 2947 1031 3030 in
1052 2966 1185 3032 pauper·

68 3047 134 3113 etate
151 3051 244 3118 malos
268 3053 304 3117 in
324 3053 526 3129 abundantia,
548 3052 645 3117 tonos
667 3051 701 3116 in
717 3049 899 3117 indemitate
915 3051 1014 3117 malos
1036 3051 1071 3115 in
1094 3051 1186 3116 ferti·

124 3273 299 3328 lucceseitate
317 3289 406 3328 eoum
422 3272 472 3327 deo
489 3273 517 3327 A
591 3271 775 3341 equitumue
793 3272 842 3341 qui
858 3273 886 3325 A
960 3275 1057 3341 putant
1073 3271 1101 3324 B
1119 3271 1188 3326 m.2

88 3355 158 3428 temp.
260 3361 416 3430 tregatm
434 3359 493 3414 diat
516 3374 563 3428 per
586 3360 614 3412 A
718 3357 821 3427 liquid
845 3357 877 3412 de
901 3372 935 3412 ex
958 3358 1004 3426 qui
1022 3357 1055 3412 de
1072 3358 1098 3411 A
1116 3372 1186 3412 cerr.

87 3445 139 3495 md
224 3446 268 3517 ael
283 3449 309 3500 et
327 3445 355 3499 B
449 3446 533 3500 deins
550 3445 632 3500 simul
649 3446 676 3498 A
773 3445 973 3514 teloquentiae
995 3443 1023 3498 A
1118 3443 1186 3496 iudi·

87 3528 159 3598 cau'ut]
175 3533 205 3586 tn
222 3532 249 3585 A
268 3532 317 3587 ott.
335 3532 449 3602 epitom
471 3537 557 3601 porte
583 3533 705 3586 comeret
728 3531 776 3586 eed
802 3532 889 3599 fosete
912 3532 1025 3587 uidetur
1049 3530 1105 3586 rint
1128 3543 1187 3584 noo

88 3616 131 3668 rent
237 3618 460 3688 dutriusquem
486 3617 587 3688 pretuli
616 3618 644 3672 A
774 3619 1061 3674 tsine-aonetrarem
1090 3617 1118 3673 A

41 3709 42 3712 ’
88 3699 110 3751 ll
124 3701 212 3758 iudicio
228 3704 390 3758 meantium
407 3706 436 3758 A
540 3704 573 3759 12
589 3703 767 3759 deliramenta
783 3719 817 3760 eoo
834 3704 1016 3764 delucescente
1034 3702 1091 3757 AB
1113 3715 1186 3757 corr.

87 3791 137 3841 nt
232 3791 264 3844 13
290 3806 398 3860 pessum
425 3792 525 3846 mtute
539 3791 579 3845 ·A
683 3790 718 3844 14
744 3791 785 3845 ita
811 3805 930 3844 murum
958 3790 1063 3860 ldpicur.
1091 3789 1118 3842 A

89 3871 110 3923 lt
129 3877 214 3932 metam
231 3892 328 3932 amem
350 3879 408 3932 tam
432 3879 460 3931 A
564 3878 599 3932 18
623 3876 739 3934 diuinis·
760 3876 809 3931 hee
836 3877 864 3930 A
968 3878 999 3930 in
1017 3875 1067 3931 hee
1091 3875 1118 3928 B

86 3955 126 4014 loeo
140 3966 242 4022 testim
258 3967 321 4036 quie
340 3966 371 4019 A
473 3963 516 4019 dei
533 3962 676 4018 debeamus
699 3963 727 4018 B
831 3963 866 4018 19
889 3961 1066 4016 sermenslrari
1088 3960 1136 4020 aed
1153 3960 1186 4014 lua

87 4051 139 4100 rr.2
158 4052 181 4104 A
282 4052 425 4122 impiorum
443 4077 486 4105 m
502 4049 677 4120 sequentibus
697 4049 724 4102 A
807 4049 865 4104 ι2οι
885 4048 1027 4104 calumniis
1050 4063 1139 4102 eorum
1159 4047 1188 4102 B

86 4131 120 4184 ted
136 4152 219 4193 eorum
242 4141 274 4194 to
289 4155 340 4210 oapi
358 4141 430 4196 Μ
532 4137 565 4191 21
591 4138 672 4191 etiam
690 4161 743 4192 m·
762 4137 856 4205 Agunt
876 4137 941 4203 (sect
954 4134 982 4189 A
998 4135 1185 4202 m.1(⁶Aiunt

41 4223 42 4228 ’
89 4221 145 4278 Am.
161 4229 186 4285 2)
287 4225 321 4279 22
338 4225 517 4294 praetermitti
536 4248 575 4278 m
592 4223 698 4278 saeculo
716 4223 743 4276 A
846 4221 881 4276 24
897 4220 1188 4275 admodum-miseria

87 4304 166 4372 ‘isere
182 4313 270 4366 mortu
287 4316 464 4367 coaptarent
481 4311 514 4364 io
531 4310 559 4362 A
