2972 5000
397 416 434 470 de
451 416 587 486 gubern.
605 417 659 471 dei
680 416 710 472 II
727 421 743 481 b
761 415 836 471 5-9.
1133 415 1176 482 33

70 607 230 672 meritorum
263 607 450 672 diuersitate
479 608 626 672 tractare.
661 605 716 670 sed
746 605 850 686 accipe
873 606 978 670 tamen
1000 605 1038 670 de
1060 604 1120 672 hac
1142 614 1206 678 ret

70 707 166 790 plenius
187 708 420 774 testimonium.
451 708 530 774 dicit
553 709 592 774 ad
615 707 707 774 deum
723 708 847 790 patrem
861 706 896 770 in
911 706 1029 788 psalmo
1045 707 1175 792 spiritus

69 817 186 878 metus:
220 812 291 895 qui
324 814 430 897 regis
463 809 635 890 Israhel,
674 810 853 876 intende.
899 811 1020 877 Israhel
1055 810 1175 876 uidens

69 914 145 982 doum'
167 915 418 998 iuterpretatur:
442 934 535 999 quem
556 917 665 997 utique
687 933 758 980 cum
775 913 944 981 Christiani
959 915 1020 980 fide
1037 916 1069 980 et
1085 913 1176 980 corde

57 1019 186 1098 audeant,
211 1021 271 1102 qui
295 1019 429 1084 fideliter
451 1018 597 1098 credunt,
628 1019 702 1084 licet
723 1019 913 1102 gubernator
936 1019 1076 1086 omnium
1099 1019 1174 1086 deus
1228 1075 1230 1080 ,

69 1122 109 1199 sit,
134 1122 193 1188 illis
226 1127 338 1188 tamen
365 1120 563 1205 peculiariter
593 1121 732 1206 regimen
755 1122 906 1204 praestari
929 1123 1027 1188 adeo
1050 1122 1174 1200 dicitur,
1271 1157 1274 1163 ·

68 1224 108 1305 qni
123 1226 183 1308 regi
205 1225 413 1307 peculiariter
435 1245 454 1292 a
475 1226 641 1292 diuinitate
664 1228 852 1290 mercantur.
890 1225 1024 1290 undeet
1047 1228 1083 1290 tu
1104 1225 1174 1307 qui-

70 1346 175 1410 cunque
208 1329 269 1396 ille
298 1348 345 1407 cs,
379 1329 406 1394 si
430 1327 626 1394 Christianus
655 1347 702 1408 es,
736 1345 863 1394 necesse
885 1330 933 1394 est
954 1330 991 1393 ut
1011 1329 1044 1394 te
1066 1329 1175 1412 regia

69 1431 246 1498 discredas.
288 1433 316 1496 si
346 1433 452 1498 autem
479 1431 644 1514 guhemari
674 1432 706 1496 te
729 1450 748 1497 a
770 1432 827 1496 deo
854 1448 926 1496 oum
949 1433 1060 1498 ceteris
1084 1430 1174 1497 cbri-

51 1533 155 1599 ostianis
177 1536 310 1600 omnino
332 1551 395 1600 non
417 1536 519 1617 putas,
542 1551 666 1600 necesse
688 1533 736 1598 est
758 1532 844 1600 extra
860 1552 966 1600 omncs
981 1533 1174 1600 Christianos

69 1641 163 1702 besse
186 1656 369 1721 cognoscas.
403 1638 457 1704 sed
479 1639 506 1703 si
529 1637 617 1714 illud,
641 1638 794 1719 utsupra
817 1638 880 1702 iarn
903 1638 1049 1716 diximus,
1072 1636 1205 1718 magis8

70 1740 181 1820 quens,
205 1742 292 1822 quod
314 1744 353 1806 cd
376 1760 481 1806 omnes
503 1740 661 1820 homines,
684 1759 746 1804 non
769 1741 850 1823 quod
873 1741 912 1806 ad
934 1740 1016 1805 solos
1038 1740 1175 1822 pertinet

70 1839 252 1928 Christianae,
277 1862 346 1910 ecce
362 1843 520 1908 euidenter
536 1841 614 1906 dicit
629 1845 775 1908 uolumen
791 1861 915 1908 sacrum
931 1844 1043 1910 cuncta
1059 1841 1175 1910 cotidie

70 1950 126 2010 roto
145 1947 327 2013 dluInitatis
351 1946 417 2030 regi
440 1949 471 2012 et
492 1946 717 2013 incessabiliter
741 1966 760 2012 a
781 1950 836 2012 deo
860 1947 965 2013 omnia
992 1947 1176 2032 gubernari,

52 2048 129 2130 eipso
149 2050 267 2124 enim,
300 2051 417 2132 inquIt,
444 2049 587 2132 diligit
610 2049 818 2116 consilium
842 2054 879 2116 et
903 2050 1174 2132 disciplinam.

70 2169 108 2216 ree
127 2158 171 2218 est
205 2154 294 2218 enim
324 2152 405 2217 alius
436 2153 526 2234 dens,
561 2154 648 2219 cuius
676 2171 749 2219 cura
771 2155 819 2219 est
840 2156 878 2218 ds
900 2153 1053 2219 omnibus.
1091 2171 1174 2217 cum

71 2256 226 2341 sicergo,
252 2256 366 2338 inquit,
389 2256 534 2334 iustus,
557 2257 661 2322 iuste
677 2258 807 2322 omnia
828 2255 1007 2339 disponis
1031 2259 1068 2319 et
1091 2273 1173 2318 cum

71 2375 181 2441 magna
216 2362 454 2426 reuerentia
491 2362 667 2443 disponis
705 2379 782 2426 nos.
821 2377 890 2424 ecce
925 2357 1022 2423 habes
1056 2357 1174 2441 iugiter

71 2458 261 2542 disponentem
298 2463 390 2530 deum
427 2465 542 2546 iugiter
580 2464 828 2547 gubernantem:
866 2460 1010 2545 quamuis
1046 2461 1080 2525 in
1112 2460 1172 2525 istc

54 2564 214 2646 scripturae
239 2568 307 2632 loco
331 2585 391 2632 non
412 2567 596 2652 gubernatio
612 2572 738 2634 tantum
755 2585 841 2632 sacra
856 2570 909 2632 sed
925 2567 1021 2631 etiam
1037 2565 1173 2646 dignitas

72 2664 218 2734 declaretur
236 2670 382 2736 humana.
406 2671 439 2736 in
453 2671 512 2736 hoc
528 2672 613 2736 enim
632 2671 713 2754 quod
730 2671 775 2736 ait
800 2670 943 2754 ‘disponis
960 2669 1022 2734 nos'
1048 2668 1173 2734 diuinae

71 2768 103 2832 ris
120 2772 361 2852 gubernationis,
385 2774 418 2838 in
439 2775 498 2840 hoc
512 2777 618 2839 autem
641 2774 723 2856 quod
749 2773 827 2838 ‘cum
850 2791 967 2856 magna
988 2769 1172 2837 reuerentia'

72 2873 166 2938 culmen
198 2875 357 2941 humanae
388 2875 563 2941 ostenditur
594 2875 766 2960 dignitatIs.
801 2874 880 2940 alibi
903 2893 1022 2958 quoque
1045 2875 1076 2939 in
1100 2878 1204 2955 pro-9

70 2975 155 3055 pleb:
188 2978 379 3060 numquid
410 2996 485 3044 non
515 2980 684 3062 caelum,
715 2978 834 3062 lnquit,
865 2985 903 3042 et
925 2980 1073 3042 terram
1105 2993 1174 3058 ego

54 3079 210 3161 einpleo?
250 3101 305 3146 cur
337 3083 442 3148 autem
479 3084 592 3147 cuncta
628 3081 754 3163 implet,
792 3081 858 3164 ipse
892 3080 1047 3145 declarat:
1083 3080 1174 3161 qula

71 3184 251 3250 nobiscum
284 3203 381 3270 sum,
415 3183 533 3269 inquit,
566 3189 608 3248 ut
642 3183 776 3248 saluos
811 3181 952 3248 faciam
985 3201 1065 3247 uos.
1102 3201 1172 3247 ecce

72 3286 133 3349 emm
153 3307 213 3354 non
242 3288 333 3352 modo
364 3288 502 3368 regimen
534 3306 626 3352 suum
656 3286 800 3352 dominus
824 3288 857 3351 ct
878 3285 1095 3369 impletionem
1118 3285 1173 3348 sed

71 3387 144 3454 etiam
163 3393 230 3457 uim
254 3409 291 3456 ac
312 3390 500 3456 beneficium
522 3390 621 3474 ipsius
644 3390 876 3472 adimpletionis
900 3389 1052 3465 ostendit;
1088 3388 1173 3452 hunc

73 3492 132 3556 eoin
156 3495 295 3560 fructum
323 3497 357 3560 in
385 3513 418 3560 se
439 3495 534 3560 habet
556 3493 734 3559 diuinitatis
762 3493 922 3577 implotm,
951 3495 987 3557 ut
1009 3492 1114 3556 saluet
1136 3509 1173 3554 ea

55 3609 129 3672 oquae
150 3597 369 3681 adimplentur.
404 3602 435 3663 et
458 3598 527 3662 ideo
550 3598 583 3662 in
604 3599 816 3680 apostolorum
836 3596 955 3660 actibus
970 3593 1173 3660 beatissimus

149 3767 261 3823 3Psal.
285 3767 367 3835 aaa
472 3767 503 3820 15
527 3767 626 3820 Eccles.
650 3766 697 3832 39,
723 3765 756 3819 10
859 3767 892 3819 16
919 3764 1105 3834 uap.12,15

74 3846 217 3909 affictam.
239 3854 287 3922 23,
304 3854 339 3908 24
441 3853 476 3907 ab
496 3852 612 3908 Hierem.
630 3852 676 3916 42,
696 3852 727 3907 11

109 4008 241 4065 ltractari
260 4010 316 4064 AB
402 4008 698 4077 StaregidzrcgiB
785 4005 977 4062 llteom.A
1062 4003 1095 4058 12
1113 4018 1173 4072 per·

75 4089 137 4148 inest
152 4097 177 4150 B
263 4097 296 4151 16
313 4097 354 4150 est
365 4096 437 4150 enim
454 4095 482 4150 B
495 4101 520 4150 et
531 4096 559 4150 A
575 4095 623 4149 sed
634 4095 667 4148 ie
676 4093 726 4148 hoc
737 4095 819 4163 aipm
830 4091 1053 4161 transpositionis
1066 4089 1174 4147 adiecta

75 4184 120 4230 aaut
212 4184 245 4238 21
270 4181 390 4251 disponit
411 4181 466 4236 AB
570 4181 612 4236 uis
636 4180 744 4235 diuinae
765 4179 794 4234 B
897 4177 930 4232 23
948 4176 1060 4232 humani
1078 4176 1106 4230 Δ

76 4258 97 4312 lt·
114 4264 199 4335 impleo
221 4268 288 4323 dicit
312 4269 368 4336 (sic)
393 4267 421 4322 Δ
523 4267 619 4336 implet
641 4265 696 4322 AB
719 4265 842 4334 (impleat
860 4262 1005 4332 resimplet
1023 4263 1180 4330 corr.iao

75 4343 238 4423 truacones)
333 4353 366 4408 27
385 4353 527 4408 modonon
545 4353 602 4407 AB
696 4352 731 4406 30
748 4367 815 4421 quae
831 4349 977 4419 implentur
993 4348 1022 4404 Β
1039 4354 1103 4405 m.1

111 4453 175 4512 VIII.
1052 4451 1069 4504 3
