2972 5000
410 361 447 416 de
465 360 596 432 gubern.
615 359 668 416 dei
686 359 716 416 11
734 366 749 428 ς
768 360 879 416 14-20.
1165 363 1206 430 3'1

72 551 192 616 nmtros
219 567 239 616 a
263 553 321 618 deo
354 569 415 616 non
445 552 553 634 putas,
583 567 619 615 ex
641 550 700 618 hoc
728 550 794 633 ipso
817 550 850 615 et
871 548 968 634 aspici
990 550 1022 616 te
1045 569 1063 614 a
1085 547 1207 616 Christo

72 672 192 736 semper
225 653 378 738 intellege
401 655 433 720 et
455 654 647 736 puniendum
677 653 806 721 forsitan
836 654 1018 737 propediem
1045 670 1112 718 esse
1135 670 1207 738 cog·

71 776 177 832 nosce,
210 758 289 839 quia
319 759 416 824 etiam
438 758 541 824 Dauid
564 759 709 826 sanctum
731 758 818 823 uides
841 774 939 823 unum
962 775 1095 823 errorem
1117 774 1209 822 suum

70 879 122 926 nec
145 863 273 926 secreto
304 861 500 926 occultorum
529 860 737 942 penetralium
764 861 902 942 potuisse
925 861 1088 945 contegere
1110 877 1167 924 nec
1190 876 1209 924 a

54 964 294 1046 rpraessntibus
321 965 429 1046 poenis
456 964 622 1048 priuilegio
644 962 752 1030 saltim
774 980 961 1048 magnorum
982 979 1113 1045 operum
1135 960 1206 1027 uin·

70 1067 181 1133 dicare.
223 1067 303 1150 quid
337 1067 420 1132 enirn
451 1066 496 1131 ait
519 1069 557 1132 ad
588 1086 660 1132 eum
692 1067 860 1131 dominus?
892 1067 1035 1132 tollam
1068 1081 1207 1131 uxorea
1290 1095 1294 1103 1

69 1175 156 1236 tuas
186 1171 230 1236 in
267 1171 483 1252 conspeetu
516 1174 600 1246 tuo,
636 1172 673 1235 et
700 1169 859 1254 gladius
894 1188 970 1235 non
1003 1169 1209 1235 recedeta

71 1273 176 1338 domo
200 1275 277 1338 tua
299 1292 420 1357 usque
443 1273 482 1337 in
504 1273 798 1356 sempiternum.
830 1272 927 1351 uides,
952 1291 1046 1355 quam
1060 1289 1207 1357 praesens
1219 1275 1259 1341 18

71 1377 204 1458 excipiat
230 1376 343 1441 tantus
366 1375 416 1440 uir
438 1395 493 1459 pro
516 1394 577 1441 uno
601 1378 709 1442 statim
738 1395 839 1441 errore
866 1376 1029 1441 iudicium.
1066 1375 1208 1460 protinus
1235 1405 1244 1418 =

44 1482 192 1563 sculpam
220 1479 331 1543 secuta
353 1477 514 1544 damuatio
536 1480 585 1544 est
613 1482 643 1544 et
662 1480 821 1545 damnatio
844 1479 951 1544 statim
974 1479 1104 1563 puniens
1127 1477 1209 1543 nibil

70 1595 245 1661 reseruans,
272 1585 366 1664 atque
388 1582 461 1647 ilico
484 1599 624 1648 coercens
648 1601 734 1647 reum
758 1600 818 1647 non
841 1583 874 1647 in
896 1584 1039 1648 futurum
1062 1581 1206 1647 differens

71 1689 203 1752 rentum.
240 1685 273 1749 et
291 1685 358 1750 ideo
376 1705 438 1751 nou
453 1685 547 1750 dixit:
571 1686 643 1768 quia
660 1685 764 1750 iecisti
780 1688 847 1766 hoo,
871 1688 1040 1751 uenturum
1055 1684 1206 1750 iudicium

72 1791 115 1855 dei
139 1789 264 1854 senties
289 1790 321 1853 et
337 1787 442 1855 futuro
457 1788 618 1873 gehennae
634 1789 707 1873 igne
723 1791 914 1874 torquebere,
939 1791 1003 1866 sed,
1020 1789 1205 1871 praesentia,

70 1893 182 1975 inquit,
208 1894 370 1957 tormenta
393 1893 507 1956 senties
531 1895 624 1975 atque
639 1892 857 1958 imminentem
876 1893 938 1959 iam
955 1893 1128 1958 ceruicibus
1142 1893 1206 1957 tuis

45 1995 199 2062 ndiuinas
236 1997 415 2060 seueritatis
448 1994 588 2078 gladium
623 1995 804 2061 sustinebis.
844 2000 875 2062 et
904 1996 979 2080 quid
1008 1997 1078 2080 post
1105 1997 1257 2063 haecele

70 2099 218 2182 agnoscit
248 2099 370 2165 scilicet
396 2119 468 2164 reus
499 2099 639 2183 culpam,
669 2099 856 2166 humiliatur
879 2100 1109 2184 compungitur,
1132 2116 1206 2164 con·

70 2203 177 2268 fitetur
219 2202 324 2287 luget,
361 2204 500 2284 paenitet
533 2202 733 2287 deprecatur,
771 2221 912 2287 gemmas
946 2204 1046 2287 regias
1080 2201 1205 2268 abdicat

70 2304 244 2388 crispantia
279 2323 353 2370 auro
388 2305 493 2370 textili
523 2306 706 2372 indumenta
735 2306 878 2389 deponit,
911 2323 1049 2390 purpura
1083 2304 1206 2390 exuitur

70 2409 252 2474 diademate
276 2407 486 2486 exhonoratur,
512 2408 598 2473 cultu
615 2410 646 2472 et
661 2427 785 2492 corpore
801 2411 952 2494 mutatur,
977 2411 1079 2475 totum
1098 2425 1205 2492 regem

45 2531 137 2580 eoum
161 2510 330 2577 ornatibus
354 2510 419 2575 suis
443 2509 555 2590 abicit,
578 2511 745 2596 profugum
771 2513 982 2594 paenitentem
1005 2531 1077 2578 cum
1098 2514 1204 2594 patro-

71 2614 146 2680 cinio
176 2613 340 2680 ambitiosi
369 2613 521 2696 squaloris
550 2615 704 2692 adsumit,
735 2615 851 2680 ieiunio
886 2615 1020 2701 exigitur
1056 2614 1205 2680 ariditate

71 2719 226 2796 siccatur,
257 2717 335 2783 fietu
358 2717 529 2782 effunditur
550 2718 717 2784 solitudine
740 2720 925 2787 carceratur.
961 2724 992 2786 et
1020 2723 1129 2784 tamen
1151 2737 1205 2782 rex

71 2823 149 2888 tanti
173 2821 331 2898 nominis,
355 2820 524 2886 sanctitate
545 2825 645 2886 maior
667 2841 760 2905 quam
781 2825 954 2909 potestate,
977 2821 1204 2907 praerogatiuis

7 2981 8 2986 ,
70 2925 259 2990 meritorum
292 2925 542 2989 antecedentium
577 2927 824 3009 supereminens,
860 2946 931 2991 cum
965 2928 1053 2991 tanto
1083 2924 1205 2991 ambitu

7 3017 8 3102 i
44 3029 240 3112 esupplicet,
264 3045 326 3094 non
347 3030 460 3094 euadit.
491 3032 522 3093 et
545 3029 596 3095 hic
618 3031 742 3094 tantum
766 3033 832 3095 tam
854 3032 980 3114 grandis
994 3027 1256 3111 paenitentiae20

70 3131 194 3197 fructus
220 3130 283 3207 est,
307 3121 389 3213 quod
412 3133 545 3196 aeternis
568 3133 694 3216 quidem
715 3132 846 3214 piaculis
869 3151 929 3198 non
953 3130 1124 3205 addicitur,
1149 3132 1203 3197 sed

7 3251 8 3300 t
69 3234 286 3316 inpraesenti
308 3235 415 3300 tamen
436 3233 561 3300 ueniam
584 3252 645 3299 non
668 3239 813 3300 meretur.
842 3235 974 3319 denique
996 3233 1071 3320 quid
1093 3233 1203 3318 paeni-

68 3339 151 3403 tenti
171 3338 326 3422 propheta
348 3338 416 3403 ait?
439 3339 527 3421 quia
550 3338 824 3422 blasphemare
847 3339 990 3405 fecisti
1012 3338 1202 3404 inimicos

169 3513 208 3568 cs
229 3513 261 3568 11
279 3513 345 3583 neg.
365 3515 406 3582 12,
426 3515 459 3570 14
581 3530 585 3538 ,

119 3677 327 3747 emungeris
408 3679 425 3732 5
437 3679 532 3733 saltem
544 3694 578 3734 ec
590 3679 683 3734 saltim
694 3695 766 3736 corr.
779 3681 807 3734 A
818 3683 883 3735 Μ
961 3680 1092 3735 maiorum
1104 3681 1133 3736 B

70 3763 85 3817 9
102 3763 223 3834 accipiat
238 3763 268 3816 B
379 3763 412 3816 10
429 3762 566 3818 damnatio
584 3766 626 3818 cst
643 3767 735 3820 secuta
753 3765 781 3819 B
894 3766 927 3819 18
949 3768 1087 3836 crepantia
1104 3765 1133 3819 B

70 3849 145 3904 texili
168 3837 208 3906 13'
305 3849 337 3904 19
359 3865 468 3918 corpore
490 3850 652 3906 Hortelius:
679 3851 756 3910 corde
774 3851 829 3906 AB
848 3851 980 3908 Halmius
1083 3851 1118 3906 20
1140 3866 1201 3920 pro·

69 3936 165 4007 iugum
188 3936 348 4006 sumsimus
370 3936 438 3992 ocal.
459 3942 484 4000 §.
501 3939 542 3992 22
565 3937 695 4007 profugus
717 3944 744 3993 et
761 3941 796 3996 23
819 3937 905 4007 ipsius
928 3938 1010 4009 fugae
1033 3936 1113 3992 facies
1136 3943 1201 3992 etc.-

69 4021 214 4090 prouidnm
231 4021 260 4076 A
277 4027 304 4076 et
315 4036 349 4076 ec
366 4021 476 4076 auidum
494 4037 564 4078 corr.
582 4023 610 4079 B
637 4023 786 4093 proiectum
798 4025 957 4092 euepicutw
968 4023 1113 4081 flonetius
1124 4021 1201 4080 baud

68 4109 289 4180 inprobabiliter,
308 4125 370 4165 eam
386 4095 483 4164 Dauid
500 4103 560 4178 ipae
577 4110 655 4166 Paul.
674 4116 716 4177 30,
731 4114 769 4168 23
785 4111 819 4168 de
836 4127 864 4167 ee
882 4111 970 4166 dact:
988 4109 1121 4180 proiectus
1140 4127 1201 4167 sum

69 4195 184 4252 auultu
203 4195 340 4250 oculorum
359 4197 482 4261 tuorum
506 4195 578 4252 udde
594 4213 622 4265 p.
642 4199 688 4262 39,
705 4201 722 4252 4
739 4196 856 4253 deiectus
953 4196 989 4252 24
1006 4197 1087 4254 tantu
1103 4197 1132 4252 A

68 4283 100 4337 25
118 4285 218 4336 tantus
236 4281 264 4336 B
366 4282 471 4337 fructus
489 4282 668 4351 poenitentiae
685 4284 713 4339 B
733 4287 818 4352 (poen.
836 4289 862 4340 et
878 4284 907 4339 A
930 4283 1021 4352 bete)
