3096 5018
15 817 20 1216 ι

14 1289 18 1492 ι

13 1553 17 1804 ι

507 436 548 489 sd
564 435 745 491 ecclesiam
768 437 798 491 II
819 441 834 500 ξ
853 435 962 489 67-73.
1236 434 1299 501 267

164 627 279 692 *cuncta
312 628 436 710 penitus
464 643 519 707 spo
550 625 634 690 uitae
664 625 756 689 huius
785 625 909 689 cunctis
939 624 1086 689 subsidiis
1120 623 1298 706 destitutus,

169 748 266 794 unam
300 728 516 794 tantummodo
550 727 701 802 tabulam,
735 727 786 792 cui
820 727 980 792 inhaerere
1014 727 1116 792 adhue
1148 728 1238 809 quasi
1264 727 1299 790 in

167 833 271 898 medio
308 835 386 898 mari
415 832 584 916 naufragus
617 831 726 912 possit,
761 833 889 896 amittat
918 849 976 895 nec
1003 829 1130 895 amittet
1158 831 1229 895 tant
1214 833 1299 894 tum·

166 939 268 1014 modo,
292 936 347 1001 sed
370 935 543 1000 abiciatat
509 938 604 1017 atque
628 953 646 1000 e
668 953 700 1000 se
722 934 847 1018 penitus
863 933 1008 1016 expellat,
1033 933 1179 998 omnibus
1198 934 1299 998 modis

143 1038 200 1104 aid
223 1039 402 1118 elaborans,
432 1040 567 1121 nequid
596 1039 656 1102 sibi
678 1039 806 1103 omnino
835 1038 991 1120 reliquum
1014 1055 1080 1103 esse
1102 1035 1209 1114 faciat,
1185 1040 1298 1120 tque

166 1143 249 1224 perit
252 1161 326 1206 urus
349 1145 484 1208 euadat?

209 1261 276 1328 XV.
309 1261 394 1341 Quae
416 1280 486 1326 curn
503 1262 514 1325 i
516 1261 637 1339 tasint,
661 1260 756 1326 dicite
774 1261 852 1326 mihi
854 1278 999 1344 ‚,quaeso
1015 1277 1123 1325 omnes
1140 1258 1299 1326 Christum
1309 1255 1348 1320 71

165 1365 276 1430 amant
277 1383 320 1442 es,
350 1365 466 1430 siesse
489 1363 548 1429 ulli
570 1364 694 1428 omnino
718 1363 894 1428 hominest
882 1370 947 1428 tam
970 1362 1058 1428 saeui
1080 1383 1116 1429 ac
1136 1367 1204 1428 tam
1227 1383 1297 1430 oru-

166 1467 250 1531 deles
286 1466 494 1532 aduersum
485 1467 629 1532 mimicos
662 1483 734 1530 suos
767 1467 898 1550 possunt
933 1485 1026 1548 quern
1054 1471 1128 1531 sunt
1156 1467 1212 1532 isti
1241 1468 1297 1532 ad·

128 1589 294 1634 reuersum
323 1570 378 1635 se?
411 1569 491 1635 nulli
522 1571 635 1652 quippe
666 1571 783 1634 suntt
784 1587 836 1633 am
865 1567 1015 1633 feritam
1044 1570 1218 1646 inhumani,
1244 1572 1296 1653 qui

165 1689 226 1736 non
248 1673 299 1737 uel
322 1673 531 1755 desperatos
523 1693 586 1736 ram
609 1675 701 1754 atque
724 1672 858 1736 morient
860 1690 891 1736 es
914 1672 1108 1736 aduersarios
1132 1691 1204 1737 snos
1225 1693 1297 1756 per-

166 1775 253 1855 sequi
287 1775 447 1842 desinant:
486 1775 542 1841 isti
571 1795 603 1839 se
632 1776 714 1858 ipsos
749 1775 881 1840 etiam
873 1795 906 1840 m
929 1761 1029 1840 morte
1062 1775 1156 1857 positi
1190 1795 1296 1858 perse·

166 1878 315 1957 quuntur.
350 1896 451 1942 ennon
467 1881 515 1943 est
538 1878 596 1943 hoo
617 1877 791 1961 persecutio
815 1882 870 1942 eut
894 1896 959 1942 esse
975 1877 1039 1943 elia
1061 1880 1160 1943 maior
1182 1879 1296 1962 potest,
1308 1878 1349 1943 72

166 1978 345 2045 exheredari
381 1980 540 2045 hominem
571 2000 589 2045 a
619 1999 651 2045 se
680 1982 758 2064 ipso,
792 1981 944 2045 extorrem
974 1980 1127 2046 bonorum
1157 1983 1297 2046 omnium

129 2081 233 2148 refiert
256 2083 287 2145 et
310 2082 398 2164 quasi
421 2084 451 2146 in
476 2082 604 2147 exilium
627 2101 646 2147 a
669 2102 701 2148 se
724 2083 792 2166 ipso
822 2083 896 2166 agi?
929 2085 1023 2165 atquo
1046 2084 1104 2149 hoc
1127 2103 1188 2149 non
1211 2103 1295 2150 eom·

165 2184 255 2248 muni
285 2202 370 2249 more
391 2188 446 2249 eut
469 2186 586 2251 usitato
614 2188 668 2251 sed
691 2203 770 2250 nouo
794 2189 824 2250 et
847 2187 1071 2264 crudelissimo,
1100 2187 1220 2252 scilicet
1242 2188 1297 2252 ubi

163 2286 197 2351 in
220 2287 349 2352 exilium
373 2289 479 2353 anima
501 2289 570 2370 ipsa
594 2287 733 2353 mittitur
754 2288 808 2353 ubi
825 2309 841 2352 e
858 2282 1063 2354 facultatibus
1079 2290 1144 2354 suis
1167 2290 1295 2371 spiritus

164 2389 334 2455 abdicetur.
366 2410 383 2457 ο
407 2393 522 2474 quanto
546 2391 679 2456 leuiores
702 2394 776 2456 sunt
799 2392 938 2457 extranei
953 2397 983 2458 et
1001 2391 1141 2457 carnales
1157 2392 1295 2457 inimicit

163 2493 213 2558 illi
248 2496 331 2558 enim
365 2512 529 2576 corporum
562 2499 687 2560 tantum
721 2496 825 2560 hostes
855 2496 939 2573 sunt,
974 2515 1029 2560 uos
1053 2498 1085 2561 et
1107 2496 1293 2561 animarum.

127 2596 232 2661 selene
263 2602 309 2660 est
339 2597 446 2679 itaque
476 2599 509 2663 ιιι
533 2599 751 2680 conparatione
773 2598 947 2664 facinorum
970 2602 1144 2665 nestrorum
1168 2599 1294 2664 illorum
1305 2603 1347 2670 73

164 2699 280 2764 odium.
318 2700 411 2764 facile
442 2704 489 2764 est
520 2702 605 2765 enim
636 2701 787 2784 quidquid
809 2701 843 2767 in
865 2702 1023 2784 praesenti
1045 2703 1166 2767 saeculo
1189 2706 1293 2767 nocet:

162 2802 243 2867 illud
265 2822 360 2887 graue
384 2803 462 2868 illud
486 2805 695 2885 perniciosum
717 2808 776 2882 est,
804 2806 886 2887 quod
908 2806 942 2871 in
964 2807 1148 2871 aeternitate
1170 2807 1295 2890 iugula-

163 2905 219 2971 bit.
256 2909 288 2969 et
309 2904 380 2970 ideo
397 2907 536 2972 saluatur
560 2907 639 2987 ipse:
664 2907 942 2994 nolitepinquit,
965 2927 1026 2972 eos
1049 2909 1207 2987 timere,
1231 2911 1296 2992 qui

162 3011 329 3090 possunt
358 3027 500 3091 corpus
531 3009 727 3088 cecidere,
759 3011 925 3076 animam
957 3017 1089 3076 antem
1117 3032 1191 3077 non
1212 3032 1293 3096 pos·

126 3115 263 3175 essunt.
302 3112 394 3176 facile
424 3116 471 3177 est
502 3132 575 3197 ergo
606 3113 722 3190 odium,
756 3115 837 3196 quod
860 3131 968 3195 eorpus
991 3114 1091 3180 laedit
1113 3133 1174 3178 non
1196 3114 1294 3180 laedit

163 3215 312 3298 animam,
339 3215 412 3296 quia
435 3215 517 3280 laeso
541 3234 667 3299 corporo
690 3219 794 3281 anima
817 3219 904 3281 extra
927 3216 1076 3282 damnum
1098 3219 1147 3281 ost
1171 3219 1201 3282 et
1222 3235 1293 3299 pes-

162 3317 302 3382 sionibus
326 3321 468 3383 carnium
495 3320 656 3386 beatitudo
680 3321 850 3402 spirituum
874 3339 934 3385 non
956 3320 1172 3403 interpolatur.
1212 3319 1293 3386 illud

264 3504 298 3558 aa
317 3505 416 3560 neren.
437 3505 478 3573 ιο,
497 3507 531 3561 aa

214 3677 227 3727 1
248 3673 394 3728 distitntus
411 3675 439 3727 A
458 3680 484 3728 et
501 3691 534 3728 m.
554 3676 616 3729 113
718 3677 735 3730 3
753 3676 899 3746 naufragus
917 3677 1018 3746 possita
1037 3678 1131 3732 mittat
1149 3694 1218 3734 eras.
1236 3695 1249 3732 s
1268 3684 1293 3733 et

160 3775 176 3813 a
194 3759 247 3813 tec.
265 3759 343 3814 ιιοοιο
359 3761 462 3828 possita
480 3765 506 3814 et
523 3760 587 3816 cdd.
605 3778 622 3815 s
639 3768 702 3818 amc
720 3765 816 3817 mittet
832 3765 860 3817 A
962 3763 977 3816 7
996 3779 1065 3831 qnae
1084 3780 1144 3818 cum
1162 3780 1196 3819 ec
1212 3779 1292 3833 quae·

160 3860 247 3915 cumq:
272 3859 342 3898 corr.
366 3861 400 3898 m.
424 3847 445 3898 2
468 3845 495 3898 A
600 3847 633 3900 14
657 3847 815 3903 exheredare
837 3848 865 3903 B
968 3850 1001 3903 16
1020 3855 1085 3918 poet
1109 3849 1291 3904 crudelissimo

160 3931 226 3988 add.
239 3947 270 3999 p.
292 3937 319 3985 et
331 3931 392 3986 edd.
406 3937 471 3987 emto
483 3932 645 3988 Halmium:
663 3950 753 3988 omnes
771 3935 842 3989 enim
861 3936 957 4002 exules,
976 3936 1027 3989 etsi
1045 3935 1199 4005 corporibus
1218 3937 1291 3991 able-

159 4019 270 4086 gantur,
289 4017 388 4071 animis
405 4033 459 4071 non
477 4018 666 4074 eliminentur:
686 4023 713 4074 et
730 4021 754 4074 si
769 4036 848 4075 carne
860 4022 961 4090 captiui
973 4023 1045 4089 sunt,
1064 4022 1188 4076 cordibus
1200 4024 1291 4076 temen

159 4101 184 4156 si
207 4103 306 4156 nolunt
328 4103 406 4157 libori
430 4109 609 4174 perseuerant.
640 4109 696 4161 Hoc
719 4109 809 4162 autem
832 4109 903 4162 unde
926 4125 998 4163 nnnc
1019 4109 1163 4180 loquimur,
1189 4126 1290 4164 nouum

159 4188 231 4241 exitii
251 4204 335 4256 genus
354 4192 434 4258 atque
452 4192 617 4246 tormentum
634 4195 682 4248 est.
713 4193 839 4248 Ceterum
857 4194 891 4248 de
904 4194 1098 4250 additamentis
1116 4197 1148 4250 to
1163 4213 1184 4265 p
1202 4196 1291 4251 obodae

160 4274 212 4339 cfr.
232 4271 379 4328 Sita-Ber.
394 4290 425 4342 p.
445 4277 481 4329 33
579 4278 624 4331 ubi
642 4295 697 4333 rae.
715 4286 781 4334 mut.
801 4280 832 4333 im
849 4280 888 4333 ibi
907 4282 933 4334 A
1031 4281 1065 4336 23
1083 4281 1177 4352 inquid
1195 4282 1222 4336 B

159 4357 194 4413 25
211 4358 279 4428 ledit
297 4375 350 4412 non
369 4360 438 4415 ledit
455 4363 483 4415 A
586 4363 620 4417 27
639 4370 697 4432 sprn
713 4381 734 4419 c.
754 4381 805 4420 scr.
823 4382 841 4420 u
860 4367 887 4420 B
