3096 5018
268 451 330 516 266
752 445 910 499 Saluiani

269 635 391 702 saeculo
422 653 538 717 pauper
570 634 658 712 uelit,
690 637 828 717 praestet
857 633 917 698 sibi
948 633 1056 697 saltim
1086 651 1125 696 ne
1156 631 1188 695 in
1211 631 1395 698 aeternitate

267 740 432 805 mendicet.
475 739 529 819 qui
561 741 757 820 praesentem
794 737 931 818 inopiam
969 739 1095 801 tantum
1131 733 1241 818 fugitis
1276 753 1331 799 cur
1363 737 1397 800 in

267 846 453 927 perpetuum
474 859 536 905 non
559 840 791 906 reformidetis?
822 839 857 902 in
879 839 1027 904 breuibus
1050 835 1227 902 meticulosi
1250 839 1343 921 longa
1365 845 1396 904 et

267 945 514 1011 interminabilia
536 945 646 1009 nitate.
677 945 751 1026 quid
774 945 934 1025 tantopere
957 946 989 1007 in
1012 941 1080 1006 uita
1101 941 1164 1006 ista
1178 947 1396 1025 paupertatem

262 1048 410 1127 'horretis
434 1048 509 1132 quid
532 1047 759 1129 enpanesoitis?
786 1047 891 1111 minus
914 1046 1016 1110 multo
1040 1047 1087 1110 est
1103 1046 1184 1128 qnod
1198 1045 1251 1110 hie
1267 1045 1397 1112 timetis.
1420 1067 1434 1106 5

216 1151 257 1216 68
267 1155 294 1219 si
327 1152 515 1217 tenuitatem
549 1151 771 1233 temporariam
803 1168 933 1233 grauem
967 1149 1091 1226 ducitis,
1124 1149 1236 1232 qualis
1271 1168 1396 1234 quaeso,

267 1257 322 1320 illa
345 1256 404 1320 erit
428 1273 505 1338 quae
529 1272 700 1338 numquam
723 1254 865 1318 desinet?
888 1253 976 1334 quasi
998 1252 1096 1316 uestri
1113 1252 1196 1332 apud
1219 1271 1275 1316 uus
1298 1253 1397 1316 animi

267 1378 332 1423 rem
364 1358 486 1442 agimus
516 1358 673 1440 uestrique
696 1359 772 1422 uoti.
810 1356 837 1420 si
863 1375 921 1421 usu
945 1358 1122 1420 uestrarum
1146 1374 1250 1420 rerum
1273 1359 1397 1437 penitus

268 1481 370 1527 cerere
391 1481 453 1528 non
475 1461 583 1537 uultis,
613 1461 646 1526 id
668 1461 752 1544 agite
775 1480 813 1524 ne
843 1461 1010 1540 aliquando
1035 1461 1178 1524 careatis.
1217 1459 1398 1525 deliciosam

267 1583 285 1629 a
308 1566 396 1630 uobis
426 1584 492 1631 rem
515 1569 546 1630 et
567 1565 780 1648 uoluptariam
810 1565 976 1646 poscimus.
1016 1563 1069 1644 qui
1098 1567 1164 1628 sine
1187 1563 1307 1628 diuitiis
1330 1583 1435 1629 cm-1c

267 1672 341 1735 nino
374 1688 441 1734 esse
470 1688 529 1734 ncn
561 1668 771 1750 adquiescite,
806 1667 837 1733 id
867 1667 951 1749 agite
984 1669 1019 1730 ut
1049 1665 1164 1731 diuites
1187 1686 1309 1750 semper
1332 1687 1397 1732 esse

264 1771 392 1855 possitis
424 1775 594 1838 secundum
624 1771 721 1836 illud:
756 1771 790 1834 si
821 1789 911 1854 ergo
942 1767 1201 1835 delectamini
1232 1771 1397 1837 sedibus

267 1877 308 1942 et
330 1875 623 1954 stemmatibus,
646 1891 758 1956 reges
781 1873 931 1954 populi,
957 1873 1124 1954 diligite
1146 1873 1397 1958 sapientiam,

216 1974 310 2045 69ut
331 1980 369 2043 in
393 1981 586 2062 perpetuo
615 1977 804 2061 regnetis.
843 1976 959 2058 alioqui
987 1979 1039 2057 qui
1062 1995 1146 2041 error
1169 1979 1225 2042 aut
1248 1996 1325 2060 quae
1348 1981 1396 2044 in·

268 2083 356 2148 sauia
378 2083 426 2147 est
448 2101 636 2165 quemquam
658 2081 823 2145 hominnm
846 2099 912 2145 esse
934 2098 1032 2163 posse,
1063 2083 1114 2163 qui
1138 2083 1207 2146 aeta
1229 2083 1260 2146 in
1284 2084 1397 2165 amplis
1407 2103 1434 2143 15

267 2187 385 2270 opibus,
410 2187 492 2269 quod
515 2186 618 2250 solum
633 2184 751 2249 sufficit
768 2186 954 2262 adrentum,
979 2203 1075 2266 usque
1092 2185 1130 2250 ad
1148 2185 1231 2250 diem
1247 2187 1397 2251 ultimum

267 2293 335 2356 uita
357 2309 395 2354 ne
417 2292 448 2356 in
471 2307 614 2373 supremo
645 2288 771 2372 quidem
795 2289 877 2354 exitu
901 2289 987 2370 large
1010 2307 1045 2352 uo
1067 2287 1235 2354 salubriter
1258 2290 1306 2353 sui
1329 2309 1396 2354 me-

267 2412 334 2459 mor
364 2393 414 2470 sit,
448 2394 560 2458 necin
589 2393 659 2475 ipsa
689 2393 751 2456 iarn
776 2395 814 2458 de
840 2411 894 2458 suo
925 2392 1052 2457 sibimet
1083 2409 1177 2475 aegra
1199 2397 1397 2459 extremitate

267 2501 428 2564 succurrat
459 2496 655 2583 (praesertim
685 2516 755 2561 curn
784 2497 816 2560 in
846 2496 965 2561 diuitiis
990 2515 1043 2578 per
1067 2515 1100 2561 se
1123 2495 1282 2562 dominum
1305 2516 1397 2564 aecu-

266 2602 410 2667 santibus
439 2603 611 2666 secundum
644 2602 724 2664 illud
753 2595 833 2666 ‘uae
863 2599 983 2664 uobis
1014 2593 1183 2678 diuites,
1216 2601 1311 2665 etiam
1335 2603 1434 2668 aliano

266 2706 327 2787 ipsi
363 2706 488 2769 domino
521 2707 719 2787 peccaturum
752 2721 866 2787 genera
900 2720 962 2767 non
997 2705 1117 2786 desint,
1150 2723 1228 2786 quae
1262 2703 1295 2767 in
1329 2707 1397 2786 ipso

267 2808 451 2872 diuitiarum
472 2807 542 2872 sinu
564 2810 656 2888 atque
678 2807 809 2872 matrice
824 2807 914 2888 quasi
936 2808 968 2872 in
985 2808 1121 2872 naturali
1137 2809 1271 2890 quodam
1287 2809 1398 2874 fomite

265 2912 475 2994 pullularint),
499 2912 530 2976 et
553 2928 612 2975 ncn
635 2911 687 2975 uel
710 2911 742 2974 in
765 2911 888 2975 ultimis
912 2913 975 2975 suis
998 2911 1030 2976 id
1053 2914 1128 2995 aget
1149 2913 1181 2976 id
1204 2911 1343 2976 elaboret
1365 2915 1397 2976 id

266 3015 354 3079 omni
381 3033 487 3079 rerum
515 3033 642 3079 suarum
672 3013 796 3079 ambitu
826 3015 1050 3095 promereatur,
1084 3033 1122 3078 ne
1151 3032 1221 3078 reus
1248 3019 1336 3078 exeat
1359 3033 1398 3078 ne

267 3135 338 3182 reus
373 3118 468 3183 uadat
503 3137 540 3182 ne
580 3118 784 3183 cruciandum
817 3121 927 3199 postea
960 3135 1070 3200 corpus
1103 3119 1272 3183 crucianda
1300 3119 1434 3182 etiamne

218 3217 308 3286 lOad
337 3239 482 3304 praesens
511 3221 616 3287 anima
639 3221 856 3304 derelinquat?
890 3223 960 3305 quis
994 3239 1067 3305 ergo
1101 3224 1149 3286 est
1182 3223 1325 3286 auitam
1348 3221 1398 3285 in-

269 3324 369 3388 fidelis
393 3330 446 3389 aut
470 3328 537 3389 tam
559 3325 699 3401 insanus,
724 3326 777 3408 qui
801 3325 877 3389 baec
891 3343 953 3390 non
968 3326 1083 3407 cogitet
1106 3324 1184 3390 haec
1199 3342 1260 3388 non
1276 3325 1397 3400 timeat,

269 3429 322 3510 qui
351 3431 388 3492 de
419 3429 596 3493 substantia
630 3446 687 3492 sua
720 3429 789 3492 aliis
821 3428 922 3509 magis
958 3446 1052 3512 quam
1086 3427 1147 3492 sibi
1181 3430 1332 3507 consulat,
1366 3434 1398 3492 et

371 3615 403 3668 12
423 3615 482 3684 Sap.
502 3617 526 3681 6,
546 3616 579 3668 22

320 3769 979 3825 bmmmmmmmwm2B
1084 3770 1400 3838 UmmAwd

267 3855 344 3924 fupe't
360 3855 527 3924 Halmium:
555 3855 608 3909 erit
625 3856 675 3909 illa
693 3856 720 3909 B
823 3857 840 3915 8
863 3855 970 3926 penitus
993 3855 1021 3910 Β
1123 3862 1184 3924 poet
1202 3857 1308 3926 penitus
1327 3871 1399 3912 eras.

266 3942 335 3994 iria
352 3943 379 3995 A
398 3947 425 3996 et
437 3948 535 4010 punct.
557 3958 610 3996 non
627 3943 660 3996 io
683 3943 711 3996 B
816 3943 848 3996 14
871 3945 996 4012 perpetuo
1015 3957 1050 3997 ea
1065 3945 1222 4012 perpetuum
1241 3957 1309 3996 eurr.
1325 3957 1362 3995 m.
1381 3945 1400 3996 2

269 4025 297 4079 B
395 4027 498 4095 alioqui
516 4027 684 4095 (1111111111.
703 4045 722 4081 n
739 4033 806 4083 m.2
824 4029 879 4082 AB
983 4030 1017 4082 16
1035 4029 1106 4098 quod
1124 4029 1400 4098 coquendam

269 4115 297 4168 B
314 4115 377 4167 item
395 4115 488 4167 statim
506 4113 608 4167 sufficit
625 4129 660 4167 ea
677 4113 782 4168 suffecit
880 4115 913 4168 17
932 4131 964 4168 ne
982 4116 1009 4168 A
1032 4131 1065 4168 ne
1082 4131 1104 4169 a.
1117 4129 1168 4169 aar.
1187 4130 1201 4168 c
1218 4117 1285 4168 m.2
1302 4114 1330 4167 B
1351 4129 1401 4168 nec

269 4202 310 4255 ed.
331 4200 465 4253 Batonius
570 4199 602 4254 18
619 4214 698 4268 aegro
716 4201 919 4256 Rittersbuaics
1022 4201 1056 4255 19
1078 4200 1279 4255 accussantibns
1303 4198 1331 4252 Β

269 4285 303 4340 23
317 4301 371 4353 pro
390 4288 416 4337 et
432 4301 452 4352 p
469 4285 562 4338 babet:
589 4285 633 4337 nel
651 4300 719 4352 quae
737 4287 845 4339 insania
863 4289 914 4346 est,
936 4291 969 4340 ut
1071 4285 1106 4341 25
1123 4286 1401 4340 crucianda-anima

268 4370 1328 4438 AmmIBmmmwmmmmmm-mmmmssBfflmm
