3096 5018
284 401 347 466 288
771 394 928 449 saturent

283 606 344 653 uon
360 587 485 652 tantum
502 585 647 651 filiisunt
663 585 836 667 nepotibus,
855 585 937 666 quod
952 584 990 649 ob
1006 586 1135 650 naturae
1151 583 1419 648 necessitudinem

283 692 359 757 ferri
386 694 501 774 potest,
530 690 585 755 eed
613 690 709 755 etiam
734 689 860 772 agnatis
882 691 915 754 et
938 687 1091 773 cognatis,
1121 706 1220 770 neque
1242 688 1354 765 solum,
1377 690 1422 752 ut

284 795 383 872 aiunt,
408 813 443 858 ex
466 793 585 858 directo
607 792 662 858 sed
685 792 782 857 etiam
798 809 834 856 ex
851 790 975 874 obliquo
998 795 1030 856 et
1049 811 1085 856 ex
1108 794 1293 869 transuerso,
1316 792 1421 854 immo

283 899 387 981 potius
411 917 447 961 ex
469 915 578 962 euerso
606 912 814 979 peruereoque
842 893 1043 960 uenientibus
1073 913 1123 959 ree
1145 896 1287 977 propriae
1311 891 1422 958 focul-

232 999 369 1084 osuiu,
392 999 425 1064 id
449 1003 496 1066 est
517 1001 655 1083 pretium
677 1017 750 1063 eoae
773 998 999 1080 redemptionis
1021 998 1180 1065 addicunt.
1203 1015 1259 1062 nee
1281 997 1422 1062 interest
1447 1018 1462 1059 s

283 1122 380 1186 peeue
410 1105 476 1167 iem
506 1102 588 1184 apud
622 1103 762 1167 homines
795 1101 909 1184 quibus
943 1103 1118 1180 consulant,
1153 1104 1319 1167 dummodo
1355 1099 1423 1164 sibi

285 1205 409 1271 omnino
432 1225 493 1272 non
517 1207 687 1272 consulant.
725 1207 752 1272 si
776 1205 830 1289 qui
852 1206 935 1272 enim
958 1225 994 1272 ex
1017 1207 1095 1285 istis,
1119 1209 1157 1272 de
1180 1206 1292 1289 quibus
1315 1203 1423 1286 loqui-

336 1479 353 1532 2
375 1478 440 1532 ferri
458 1495 492 1533 aa
510 1479 579 1533 ferre
598 1495 665 1534 corr.
684 1495 717 1534 ra.
737 1480 801 1533 213
906 1479 1015 1549 agnatis
1032 1495 1053 1534 e.
1073 1481 1090 1536 l.
1109 1496 1143 1534 ra.
1162 1483 1178 1534 1
1196 1479 1222 1533 A
1325 1477 1343 1532 4
1368 1476 1421 1530 ad-

284 1582 361 1620 uerso
381 1582 610 1620 exauersocorr.
629 1583 662 1620 m.
682 1566 747 1620 213
853 1566 1020 1635 bpraetium
1039 1567 1066 1619 A
1166 1570 1232 1634 poet
1248 1563 1378 1618 addicunt
1395 1579 1422 1632 p

285 1659 310 1706 et
328 1651 387 1706 cdd.
407 1659 473 1707 calc
491 1651 650 1707 Holmiaoa:
668 1652 740 1705 siout
758 1651 889 1720 scriptum
907 1653 961 1705 est:
979 1666 1032 1705 non
1046 1651 1121 1705 dedit
1134 1651 1182 1704 deo
1196 1650 1422 1719 propitiationem

285 1754 361 1792 suam
380 1742 407 1792 et
423 1739 540 1807 pretium
558 1739 749 1807 redemptionis
768 1739 872 1792 animae
890 1753 960 1791 suae.
980 1739 1099 1806 etpaulo
1111 1739 1185 1805 poet:
1205 1737 1294 1800 simul,
1314 1735 1420 1804 inquit,

285 1825 414 1894 iusipiens
437 1827 465 1878 et
488 1823 590 1878 stultus
615 1824 749 1892 peribunt,
773 1827 801 1878 et
826 1825 978 1893 relinquent
995 1823 1090 1878 alienis
1110 1823 1223 1878 diuitias
1240 1840 1311 1888 sues,
1329 1824 1356 1875 et
1375 1837 1422 1876 se-

284 1909 396 1978 pulchra
422 1926 512 1963 eorum
540 1909 634 1964 domus
661 1926 751 1964 eorum
777 1912 805 1963 in
832 1915 979 1965 aeternum.
1010 1909 1075 1979 quid
1102 1910 1173 1963 inter
1196 1910 1315 1964 stultum
1333 1908 1371 1962 sit
1389 1913 1423 1962 et

285 1995 465 2064 insipientem,
485 2012 538 2048 non
556 2000 598 2049 est
616 2011 685 2049 nune
704 1995 851 2049 disserendi
869 1995 957 2050 locus:
976 2012 1023 2050 uec
1039 2012 1101 2050 sane
1119 1997 1241 2062 interest,
1260 2011 1327 2063 quae
1344 1995 1422 2048 inter

284 2097 329 2135 eos
355 2081 514 2134 meritorum
542 2081 578 2135 sit
605 2081 765 2146 differentia,
794 2097 907 2148 quorum
935 2083 977 2135 est
999 2098 1051 2135 uuo
1075 2081 1197 2150 perditio.
1228 2084 1299 2150 quod
1323 2097 1422 2135 causae

284 2169 376 2236 itaque
394 2168 502 2234 suffieit,
521 2183 581 2221 cum
599 2166 709 2221 dixisset
726 2167 808 2221 simul
826 2167 998 2236 insipientem
1016 2171 1043 2222 et
1061 2167 1178 2222 stultum
1199 2183 1255 2222 esse
1273 2167 1420 2237 perituros,

285 2255 424 2308 uideamus
451 2254 515 2323 quid
542 2254 585 2307 uel
613 2253 647 2307 ed
674 2269 780 2308 oausam
805 2254 848 2308 uel
866 2253 901 2307 ad
927 2254 1063 2307 cumulum
1091 2254 1249 2323 perditionis
1278 2253 1419 2309 adiecerit.

285 2341 447 2409 relinquent,
466 2340 566 2409 inquit,
586 2340 681 2394 alienis
700 2339 813 2394 diuitias
832 2356 902 2395 sues.
931 2356 1026 2394 uerum
1040 2343 1092 2394 est:
1110 2341 1176 2409 quid
1194 2341 1266 2394 enim
1284 2341 1341 2394 siue
1359 2343 1422 2396 tem

285 2427 410 2492 stultum,
434 2427 491 2480 siue
508 2427 565 2480 tam
583 2425 728 2496 perditum,
752 2441 832 2494 quem
857 2427 889 2480 ut
907 2426 1005 2496 aliquio
1023 2427 1056 2480 de
1075 2444 1122 2482 suo
1140 2443 1194 2482 non
1213 2427 1266 2480 sibi
1285 2428 1420 2492 consulet,

285 2513 442 2582 praesertim
470 2529 530 2567 oum
558 2513 622 2566 deus
650 2513 730 2579 dicet,
758 2512 829 2566 nihil
852 2513 975 2583 prodesse
997 2514 1110 2582 homini,
1140 2515 1163 2567 si
1181 2518 1269 2568 totum
1287 2514 1422 2568 mundum

285 2599 446 2665 lucrifaciat,
468 2599 572 2654 animae
591 2602 682 2653 autem
700 2615 762 2653 suae
781 2599 973 2654 detrimentum
997 2600 1137 2668 patiatur?
1165 2601 1214 2654 aut
1232 2616 1313 2669 quam
1330 2597 1421 2669 dabit,

285 2685 384 2752 inquit,
411 2685 491 2737 bomo
519 2686 752 2738 commutationem
779 2701 827 2753 pro
853 2686 944 2738 anima
968 2686 1038 2739 sua?
1069 2686 1092 2740 si
1111 2701 1173 2756 ergo
1191 2685 1310 2740 homines
1328 2689 1421 2741 totum

286 2770 417 2824 muudum
445 2787 568 2838 spernere
595 2774 707 2839 oportet,
736 2787 769 2824 ne
787 2772 936 2825 animarum
964 2772 1061 2826 domne
1088 2773 1240 2840 patiantur,
1266 2775 1294 2826 et
1311 2776 1422 2842 propter

287 2872 364 2910 suam
382 2856 496 2912 salutem
515 2857 595 2912 debet
613 2857 747 2926 quispiam
765 2859 849 2913 etiem
863 2858 996 2912 euoluere
1010 2861 1187 2926 contemnere,
1206 2875 1288 2928 quam
1301 2859 1421 2914 infidelis

286 2946 336 3007 est,
356 2959 435 3012 quem
453 2944 582 3013 iusipiens
600 2949 649 3010 est,
668 2945 716 3014 qui
734 2948 766 2998 ut
785 2945 870 2998 alium
889 2945 1002 2998 diuitem
1023 2945 1113 3012 saciat,
1131 2946 1251 3000 animam
1269 2962 1344 3000 suem
1362 2946 1422 3014 ipse

286 3029 466 3084 condemnat?
495 3031 609 3084 maxime
637 3047 696 3085 eum
720 3033 748 3084 et
772 3031 818 3084 ille
842 3046 896 3084 non
920 3031 1038 3084 multum
1065 3031 1236 3100 adipiscatur,
1265 3033 1311 3100 qui
1339 3047 1421 3085 usum

288 3117 473 3185 temporalium
496 3133 584 3170 rerum
608 3117 712 3185 accipit,
741 3119 768 3170 et
791 3117 839 3170 ille
863 3117 1076 3171 inaestimabilia
1099 3117 1199 3172 damna
1215 3117 1342 3186 perferat,
1371 3119 1421 3186 qui

287 3201 406 3256 fructum
433 3201 527 3257 beatae
554 3203 724 3258 aeternitatis
751 3203 864 3257 amittit.
892 3219 955 3256 nam
977 3205 1005 3256 et
1029 3203 1089 3256 ideo
1107 3203 1230 3272 sequitur
1248 3204 1278 3257 in
1296 3203 1422 3258 Psalmo:

288 3289 428 3357 sepulchra
445 3306 535 3344 eorum
554 3289 647 3344 domus
666 3305 758 3344 eorum
775 3289 805 3342 in
822 3293 969 3344 aeternum.
997 3306 1077 3358 quam
1096 3292 1193 3344 misera
1211 3305 1274 3359 ergo
1292 3290 1344 3342 erit
1360 3305 1421 3358 per-

287 3375 346 3428 dita
370 3392 427 3430 sors
454 3391 551 3441 eorum,
579 3376 626 3446 qui
650 3377 726 3445 quasi
750 3376 899 3444 sepulchris
917 3375 1079 3444 perennibus
1098 3375 1229 3444 deputati,
1258 3390 1338 3444 quam
1357 3391 1422 3428 oon-

288 3462 419 3516 ditionem
431 3465 617 3532 postmortem
629 3462 767 3532 perferunt
779 3478 928 3532 corporum,
944 3463 1057 3516 eandem
1070 3461 1264 3531 quodammodo
1277 3462 1422 3531 patiantur

289 3547 446 3612 animarum,
472 3549 623 3617 etquidem
646 3550 735 3602 minus
757 3549 889 3614 miseram,
915 3550 938 3603 si
960 3549 1078 3615 eandem,
1103 3551 1152 3602 aut
1169 3549 1192 3602 si
1211 3547 1245 3602 ed
1263 3563 1307 3600 eos
1325 3547 1359 3601 ad
1377 3547 1421 3601 iu·

288 3641 380 3687 menta
407 3634 563 3702 insipientia
589 3651 636 3689 nec
662 3635 792 3689 bonorum
819 3651 911 3689 sensus
936 3652 983 3689 nee
1007 3635 1138 3688 malorum
1161 3634 1249 3703 passio
1268 3631 1421 3703 perueniret

290 3721 447 3790 (pertineret
465 3720 506 3775 ed.
524 3721 648 3787 Balara).
677 3720 747 3774 illud
767 3721 822 3788 (sed
840 3721 909 3775 illud
928 3721 970 3776 cd.
989 3721 1100 3789 Bolas.)
1124 3720 1250 3776 acerbum
1274 3721 1356 3788 etque
1378 3719 1421 3772 in-

288 3807 438 3869 tolerabile,
462 3807 533 3876 quod
551 3807 678 3861 similiter
696 3811 814 3876 pereunt,
839 3807 885 3860 sed
904 3823 957 3861 non
975 3808 1101 3860 similiter
1120 3808 1282 3875 puniuntur;
1310 3805 1420 3859 illorum

289 3895 362 3948 enim
386 3911 456 3948 mors
480 3893 641 3962 sempiterna
664 3895 722 3946 sine
745 3908 824 3947 sensu
842 3897 891 3957 est,
913 3893 1029 3947 istorum
1047 3893 1166 3947 omnium
1185 3907 1243 3946 cum
1263 3891 1361 3945 dolore.
1390 3907 1421 3945 ae

290 3981 330 4035 sio
351 3979 530 4035 conditionem
557 3979 696 4033 bominum
723 3981 891 4046 peecatorum
918 3979 1034 4048 perditio
1058 3979 1166 4047 quidem
1191 3978 1257 4032 lacit
1275 3976 1422 4046 pecudibus

291 4083 347 4122 esse
366 4067 490 4132 similem,
514 4067 561 4120 sed
578 4068 666 4120 tamen
686 4081 795 4133 poenam
819 4067 979 4134 grauiorem.
1009 4065 1129 4135 cogitent
1147 4065 1233 4133 igitur
1252 4066 1348 4117 cuncta
1366 4062 1421 4118 iste

289 4168 357 4223 quae
380 4153 500 4219 dicimus,
527 4153 610 4205 immo
633 4153 754 4222 cogitent
776 4153 872 4206 cuncta
895 4153 944 4206 illa
968 4167 1036 4219 quae
1054 4151 1117 4205 deus
1136 4150 1211 4214 dicit,
1236 4149 1282 4217 qui
1300 4149 1353 4203 sibi
1373 4161 1422 4202 nee

290 4244 354 4295 ante
371 4243 484 4294 mortem
503 4240 611 4293 omniuo
630 4239 782 4303 consulunt,
801 4253 849 4292 nee
866 4238 895 4292 in
913 4242 1000 4292 morte
1018 4239 1183 4301 succurrunt,
1203 4235 1274 4304 apud
1290 4251 1356 4304 quoe
1375 4235 1422 4290 ob

290 4325 358 4380 lioio
376 4329 418 4380 est
435 4326 543 4395 penitus
561 4342 670 4379 suarum
688 4326 847 4379 animarum.
