<?xml version="1.0" encoding="UTF-8"?>
<!DOCTYPE html PUBLIC "-//W3C//DTD XHTML 1.0 Transitional//EN"
    "http://www.w3.org/TR/xhtml1/DTD/xhtml1-transitional.dtd">
<html xmlns="http://www.w3.org/1999/xhtml" xml:lang="en" lang="en">
 <head>
  <title>
</title>
<meta http-equiv="Content-Type" content="text/html;charset=utf-8" />
  <meta name='ocr-system' content='tesseract 3.04.00' />
  <meta name='ocr-capabilities' content='ocr_page ocr_carea ocr_par ocr_line ocrx_word'/>
</head>
<body>
  <div class='ocr_page' id='page_1' title='image "./corpusscriptoru14wissgoog_0143.png"; bbox 0 0 3036 5004; ppageno 0'>
   <div class='ocr_carea' id='block_1_1' title="bbox 268 413 915 482">
    <p class='ocr_par' dir='ltr' id='par_1_1' title="bbox 268 413 915 482">
     <span class='ocr_line' id='line_1_1' title="bbox 268 413 915 482; baseline -0.003 -14"><span class='ocrx_word' id='word_1_1' title='bbox 268 417 310 482; x_wconf 84' lang='grc'>96</span> <span class='ocrx_word' id='word_1_2' title='bbox 499 427 501 431; x_wconf 90' lang='grc'><strong><em>·</em></strong></span> <span class='ocrx_word' id='word_1_3' title='bbox 757 413 915 469; x_wconf 84' lang='lat' dir='ltr'>Saluiani</span> 
     </span>
    </p>
   </div>
   <div class='ocr_carea' id='block_1_2' title="bbox 267 601 1402 895">
    <p class='ocr_par' dir='ltr' id='par_1_2' title="bbox 267 601 1402 895">
     <span class='ocr_line' id='line_1_2' title="bbox 268 601 1402 690; baseline 0 -20"><span class='ocrx_word' id='word_1_4' title='bbox 268 605 367 670; x_wconf 89' lang='lat' dir='ltr'>ullam</span> <span class='ocrx_word' id='word_1_5' title='bbox 389 623 456 668; x_wconf 87' lang='lat' dir='ltr'>rem</span> <span class='ocrx_word' id='word_1_6' title='bbox 486 604 631 669; x_wconf 90' lang='lat' dir='ltr'>dominus</span> <span class='ocrx_word' id='word_1_7' title='bbox 659 604 760 690; x_wconf 86' lang='lat' dir='ltr'>magis</span> <span class='ocrx_word' id='word_1_8' title='bbox 794 606 896 687; x_wconf 87' lang='lat' dir='ltr'>posset</span> <span class='ocrx_word' id='word_1_9' title='bbox 930 602 1063 682; x_wconf 89' lang='lat' dir='ltr'>horrere,</span> <span class='ocrx_word' id='word_1_10' title='bbox 1097 603 1137 668; x_wconf 88' lang='lat' dir='ltr'>ad</span> <span class='ocrx_word' id='word_1_11' title='bbox 1162 601 1402 686; x_wconf 78' lang='lat' dir='ltr'>promerendam</span> 
     </span>
     <span class='ocr_line' id='line_1_3' title="bbox 267 705 1400 792; baseline -0.001 -19"><span class='ocrx_word' id='word_1_12' title='bbox 267 705 368 773; x_wconf 88' lang='lat' dir='ltr'>uitam</span> <span class='ocrx_word' id='word_1_13' title='bbox 390 711 566 785; x_wconf 79' lang='lat' dir='ltr'>aeternam,</span> <span class='ocrx_word' id='word_1_14' title='bbox 598 709 801 792; x_wconf 76' lang='lat' dir='ltr'>quaesiuere,</span> <span class='ocrx_word' id='word_1_15' title='bbox 833 707 959 774; x_wconf 88' lang='lat' dir='ltr'>etiamsi</span> <span class='ocrx_word' id='word_1_16' title='bbox 981 707 1079 790; x_wconf 91' lang='lat' dir='ltr'>possit</span> <span class='ocrx_word' id='word_1_17' title='bbox 1102 705 1149 787; x_wconf 83' lang='lat' dir='ltr'>his</span> <span class='ocrx_word' id='word_1_18' title='bbox 1172 707 1400 790; x_wconf 66' lang='lat' dir='ltr'>rebus‘accipi</span> 
     </span>
     <span class='ocr_line' id='line_1_4' title="bbox 267 811 1279 895; baseline -0.002 -19"><span class='ocrx_word' id='word_1_19' title='bbox 267 811 350 876; x_wconf 89' lang='lat' dir='ltr'>tanti</span> <span class='ocrx_word' id='word_1_20' title='bbox 373 812 454 876; x_wconf 90' lang='lat' dir='ltr'>esset</span> <span class='ocrx_word' id='word_1_21' title='bbox 476 811 517 878; x_wconf 88' lang='lat' dir='ltr'>ad</span> <span class='ocrx_word' id='word_1_22' title='bbox 539 827 608 877; x_wconf 87' lang='lat' dir='ltr'>eam</span> <span class='ocrx_word' id='word_1_23' title='bbox 631 831 687 895; x_wconf 91' lang='lat' dir='ltr'>per</span> <span class='ocrx_word' id='word_1_24' title='bbox 708 813 823 878; x_wconf 88' lang='lat' dir='ltr'>scelera</span> <span class='ocrx_word' id='word_1_25' title='bbox 844 811 911 877; x_wconf 88' lang='lat' dir='ltr'>tarn</span> <span class='ocrx_word' id='word_1_26' title='bbox 933 812 1086 876; x_wconf 90' lang='lat' dir='ltr'>immania</span> <span class='ocrx_word' id='word_1_27' title='bbox 1107 811 1279 893; x_wconf 87' lang='lat' dir='ltr'>peruenire.</span> 
     </span>
    </p>
   </div>
   <div class='ocr_carea' id='block_1_3' title="bbox 149 929 1511 3498">
    <p class='ocr_par' dir='ltr' id='par_1_3' title="bbox 215 929 1436 1842">
     <span class='ocr_line' id='line_1_5' title="bbox 215 929 1401 1017; baseline -0.005 -17"><span class='ocrx_word' id='word_1_28' title='bbox 215 933 257 1000; x_wconf 87' lang='grc'>86</span> <span class='ocrx_word' id='word_1_29' title='bbox 309 929 428 1002; x_wconf 89' lang='lat' dir='ltr'><strong>XVHI.</strong></span> <span class='ocrx_word' id='word_1_30' title='bbox 463 933 650 1016; x_wconf 87' lang='lat' dir='ltr'>Intellegere</span> <span class='ocrx_word' id='word_1_31' title='bbox 680 951 753 1017; x_wconf 90' lang='lat' dir='ltr'>ergo</span> <span class='ocrx_word' id='word_1_32' title='bbox 783 949 957 1015; x_wconf 88' lang='lat' dir='ltr'>possumus,</span> <span class='ocrx_word' id='word_1_33' title='bbox 989 934 1045 998; x_wconf 88' lang='lat' dir='ltr'>aut</span> <span class='ocrx_word' id='word_1_34' title='bbox 1067 931 1174 1015; x_wconf 88' lang='lat' dir='ltr'>quales</span> <span class='ocrx_word' id='word_1_35' title='bbox 1196 949 1261 996; x_wconf 92' lang='lat' dir='ltr'>esse</span> <span class='ocrx_word' id='word_1_36' title='bbox 1283 931 1401 1014; x_wconf 83' lang='lat' dir='ltr'>pagani</span> 
     </span>
     <span class='ocr_line' id='line_1_6' title="bbox 267 1033 1436 1118; baseline -0.001 -18"><span class='ocrx_word' id='word_1_37' title='bbox 267 1035 456 1101; x_wconf 78' lang='lat' dir='ltr'>crediderint</span> <span class='ocrx_word' id='word_1_38' title='bbox 478 1035 680 1114; x_wconf 79' lang='lat' dir='ltr'>Christianos,</span> <span class='ocrx_word' id='word_1_39' title='bbox 709 1036 762 1118; x_wconf 89' lang='lat' dir='ltr'>qui</span> <span class='ocrx_word' id='word_1_40' title='bbox 790 1037 907 1101; x_wconf 84' lang='lat' dir='ltr'>talibus</span> <span class='ocrx_word' id='word_1_41' title='bbox 935 1033 1096 1100; x_wconf 87' lang='lat' dir='ltr'>sacrificiis</span> <span class='ocrx_word' id='word_1_42' title='bbox 1126 1034 1220 1099; x_wconf 92' lang='lat' dir='ltr'>deum</span> <span class='ocrx_word' id='word_1_43' title='bbox 1249 1033 1436 1114; x_wconf 74' lang='lat' dir='ltr'>colerente</span> 
     </span>
     <span class='ocr_line' id='line_1_7' title="bbox 266 1123 1398 1222; baseline 0 -20"><span class='ocrx_word' id='word_1_44' title='bbox 266 1139 322 1202; x_wconf 90' lang='lat' dir='ltr'>aut</span> <span class='ocrx_word' id='word_1_45' title='bbox 345 1137 469 1221; x_wconf 89' lang='lat' dir='ltr'>qualem</span> <span class='ocrx_word' id='word_1_46' title='bbox 491 1139 661 1205; x_wconf 75' lang='lat' dir='ltr'>sollicitent</span> <span class='ocrx_word' id='word_1_47' title='bbox 685 1123 920 1222; x_wconf 63' lang='lat' dir='ltr'>deum&#39;ipsum,</span> <span class='ocrx_word' id='word_1_48' title='bbox 949 1139 1002 1221; x_wconf 89' lang='lat' dir='ltr'>qui</span> <span class='ocrx_word' id='word_1_49' title='bbox 1025 1139 1101 1203; x_wconf 90' lang='lat' dir='ltr'>haec</span> <span class='ocrx_word' id='word_1_50' title='bbox 1122 1156 1208 1203; x_wconf 88' lang='lat' dir='ltr'>sacra</span> <span class='ocrx_word' id='word_1_51' title='bbox 1231 1137 1398 1204; x_wconf 90' lang='lat' dir='ltr'>docuisset.</span> 
     </span>
     <span class='ocr_line' id='line_1_8' title="bbox 266 1241 1399 1326; baseline 0 -20"><span class='ocrx_word' id='word_1_52' title='bbox 266 1244 297 1307; x_wconf 92' lang='lat' dir='ltr'>et</span> <span class='ocrx_word' id='word_1_53' title='bbox 318 1241 378 1306; x_wconf 91' lang='lat' dir='ltr'>hoc</span> <span class='ocrx_word' id='word_1_54' title='bbox 401 1263 455 1308; x_wconf 92' lang='lat' dir='ltr'>cur</span> <span class='ocrx_word' id='word_1_55' title='bbox 477 1244 544 1310; x_wconf 79' lang='lat' dir='ltr'>ita?</span> <span class='ocrx_word' id='word_1_56' title='bbox 578 1262 633 1308; x_wconf 90' lang='lat' dir='ltr'>cur</span> <span class='ocrx_word' id='word_1_57' title='bbox 665 1243 775 1326; x_wconf 89' lang='lat' dir='ltr'>utique</span> <span class='ocrx_word' id='word_1_58' title='bbox 809 1243 869 1307; x_wconf 89' lang='lat' dir='ltr'>uisi</span> <span class='ocrx_word' id='word_1_59' title='bbox 891 1245 930 1308; x_wconf 93' lang='lat' dir='ltr'>ob</span> <span class='ocrx_word' id='word_1_60' title='bbox 960 1259 1021 1320; x_wconf 89' lang='lat' dir='ltr'>eos,</span> <span class='ocrx_word' id='word_1_61' title='bbox 1057 1241 1111 1324; x_wconf 91' lang='lat' dir='ltr'>qui</span> <span class='ocrx_word' id='word_1_62' title='bbox 1134 1241 1308 1307; x_wconf 74' lang='lat' dir='ltr'>Christiani</span> <span class='ocrx_word' id='word_1_63' title='bbox 1332 1259 1399 1308; x_wconf 88' lang='lat' dir='ltr'>esse</span> 
     </span>
     <span class='ocr_line' id='line_1_9' title="bbox 266 1345 1399 1429; baseline 0.001 -19"><span class='ocrx_word' id='word_1_64' title='bbox 266 1345 413 1411; x_wconf 87' lang='lat' dir='ltr'>dicuntur</span> <span class='ocrx_word' id='word_1_65' title='bbox 436 1351 468 1411; x_wconf 92' lang='lat' dir='ltr'>et</span> <span class='ocrx_word' id='word_1_66' title='bbox 491 1364 553 1412; x_wconf 91' lang='lat' dir='ltr'>non</span> <span class='ocrx_word' id='word_1_67' title='bbox 586 1346 670 1424; x_wconf 88' lang='lat' dir='ltr'>sunt,</span> <span class='ocrx_word' id='word_1_68' title='bbox 705 1349 758 1429; x_wconf 91' lang='lat' dir='ltr'>qui</span> <span class='ocrx_word' id='word_1_69' title='bbox 791 1359 847 1428; x_wconf 91' lang='lat' dir='ltr'>per</span> <span class='ocrx_word' id='word_1_70' title='bbox 873 1345 996 1428; x_wconf 90' lang='lat' dir='ltr'>flagitia</span> <span class='ocrx_word' id='word_1_71' title='bbox 1019 1364 1055 1410; x_wconf 90' lang='lat' dir='ltr'>ao</span> <span class='ocrx_word' id='word_1_72' title='bbox 1078 1345 1292 1428; x_wconf 88' lang='lat' dir='ltr'>turpitudines</span> <span class='ocrx_word' id='word_1_73' title='bbox 1326 1363 1399 1411; x_wconf 84' lang='lat' dir='ltr'>suas</span> 
     </span>
     <span class='ocr_line' id='line_1_10' title="bbox 266 1449 1399 1534; baseline 0.001 -22"><span class='ocrx_word' id='word_1_74' title='bbox 266 1465 380 1514; x_wconf 90' lang='lat' dir='ltr'>nomen</span> <span class='ocrx_word' id='word_1_75' title='bbox 403 1449 565 1534; x_wconf 85' lang='lat' dir='ltr'>religionis</span> <span class='ocrx_word' id='word_1_76' title='bbox 586 1450 758 1530; x_wconf 87' lang='lat' dir='ltr'>infamant,</span> <span class='ocrx_word' id='word_1_77' title='bbox 783 1451 850 1533; x_wconf 83' lang='lat' dir='ltr'>qui,</span> <span class='ocrx_word' id='word_1_78' title='bbox 874 1453 910 1514; x_wconf 93' lang='lat' dir='ltr'>ut</span> <span class='ocrx_word' id='word_1_79' title='bbox 933 1451 1086 1532; x_wconf 89' lang='lat' dir='ltr'>scriptum</span> <span class='ocrx_word' id='word_1_80' title='bbox 1110 1452 1172 1528; x_wconf 86' lang='lat' dir='ltr'>est,</span> <span class='ocrx_word' id='word_1_81' title='bbox 1207 1449 1344 1516; x_wconf 87' lang='lat' dir='ltr'>fatentur</span> <span class='ocrx_word' id='word_1_82' title='bbox 1366 1467 1399 1513; x_wconf 88' lang='lat' dir='ltr'>se</span> 
     </span>
     <span class='ocr_line' id='line_1_11' title="bbox 265 1551 1436 1636; baseline -0.001 -20"><span class='ocrx_word' id='word_1_83' title='bbox 265 1569 357 1617; x_wconf 88' lang='lat' dir='ltr'>nosse</span> <span class='ocrx_word' id='word_1_84' title='bbox 389 1551 492 1634; x_wconf 88' lang='lat' dir='ltr'>deum,</span> <span class='ocrx_word' id='word_1_85' title='bbox 527 1553 622 1618; x_wconf 85' lang='lat' dir='ltr'>factis</span> <span class='ocrx_word' id='word_1_86' title='bbox 656 1554 762 1620; x_wconf 90' lang='lat' dir='ltr'>autem</span> <span class='ocrx_word' id='word_1_87' title='bbox 791 1554 914 1636; x_wconf 83' lang='lat' dir='ltr'>negant,</span> <span class='ocrx_word' id='word_1_88' title='bbox 938 1572 1008 1618; x_wconf 90' lang='lat' dir='ltr'>oum</span> <span class='ocrx_word' id='word_1_89' title='bbox 1031 1554 1095 1618; x_wconf 91' lang='lat' dir='ltr'>siut</span> <span class='ocrx_word' id='word_1_90' title='bbox 1117 1553 1342 1620; x_wconf 82' lang='lat' dir='ltr'>abominabiles</span> <span class='ocrx_word' id='word_1_91' title='bbox 1367 1553 1436 1618; x_wconf 79' lang='lat' dir='ltr'>etro</span> 
     </span>
     <span class='ocr_line' id='line_1_12' title="bbox 264 1655 1399 1741; baseline 0 -21"><span class='ocrx_word' id='word_1_92' title='bbox 264 1655 426 1738; x_wconf 87' lang='lat' dir='ltr'>increduli,</span> <span class='ocrx_word' id='word_1_93' title='bbox 449 1656 489 1721; x_wconf 90' lang='lat' dir='ltr'>ad</span> <span class='ocrx_word' id='word_1_94' title='bbox 511 1672 601 1722; x_wconf 90' lang='lat' dir='ltr'>omne</span> <span class='ocrx_word' id='word_1_95' title='bbox 625 1659 731 1722; x_wconf 88' lang='lat' dir='ltr'>cutem</span> <span class='ocrx_word' id='word_1_96' title='bbox 755 1675 830 1738; x_wconf 92' lang='lat' dir='ltr'>opus</span> <span class='ocrx_word' id='word_1_97' title='bbox 853 1655 971 1722; x_wconf 90' lang='lat' dir='ltr'>bonum</span> <span class='ocrx_word' id='word_1_98' title='bbox 992 1658 1130 1740; x_wconf 89' lang='lat' dir='ltr'>reprobi;</span> <span class='ocrx_word' id='word_1_99' title='bbox 1163 1677 1219 1739; x_wconf 93' lang='lat' dir='ltr'>per</span> <span class='ocrx_word' id='word_1_100' title='bbox 1248 1675 1332 1741; x_wconf 89' lang='lat' dir='ltr'>quos,</span> <span class='ocrx_word' id='word_1_101' title='bbox 1361 1658 1399 1720; x_wconf 93' lang='lat' dir='ltr'>ut</span> 
     </span>
     <span class='ocr_line' id='line_1_13' title="bbox 265 1757 1397 1842; baseline 0.001 -20"><span class='ocrx_word' id='word_1_102' title='bbox 265 1757 408 1842; x_wconf 86' lang='lat' dir='ltr'>legimus,</span> <span class='ocrx_word' id='word_1_103' title='bbox 443 1759 496 1823; x_wconf 95' lang='lat' dir='ltr'>uia</span> <span class='ocrx_word' id='word_1_104' title='bbox 525 1758 667 1830; x_wconf 90' lang='lat' dir='ltr'>ueritatis</span> <span class='ocrx_word' id='word_1_105' title='bbox 695 1759 931 1841; x_wconf 85' lang='lat' dir='ltr'>blasphematur</span> <span class='ocrx_word' id='word_1_106' title='bbox 960 1761 992 1824; x_wconf 92' lang='lat' dir='ltr'>et</span> <span class='ocrx_word' id='word_1_107' title='bbox 1020 1766 1257 1825; x_wconf 89' lang='lat' dir='ltr'>sacrosanctum</span> <span class='ocrx_word' id='word_1_108' title='bbox 1280 1758 1397 1824; x_wconf 89' lang='lat' dir='ltr'>domini</span> 
     </span>
    </p>

    <p class='ocr_par' dir='ltr' id='par_1_4' title="bbox 214 1859 1435 2980">
     <span class='ocr_line' id='line_1_14' title="bbox 214 1859 1397 1946; baseline 0 -20"><span class='ocrx_word' id='word_1_109' title='bbox 214 1859 254 1926; x_wconf 79' lang='lat' dir='ltr'>et</span> <span class='ocrx_word' id='word_1_110' title='bbox 266 1862 315 1926; x_wconf 91' lang='lat' dir='ltr'>dei</span> <span class='ocrx_word' id='word_1_111' title='bbox 337 1879 451 1926; x_wconf 90' lang='lat' dir='ltr'>nomen</span> <span class='ocrx_word' id='word_1_112' title='bbox 467 1861 690 1945; x_wconf 90' lang='lat' dir='ltr'>sacrilegorum</span> <span class='ocrx_word' id='word_1_113' title='bbox 705 1861 867 1927; x_wconf 90' lang='lat' dir='ltr'>hominum</span> <span class='ocrx_word' id='word_1_114' title='bbox 882 1863 1102 1928; x_wconf 87' lang='lat' dir='ltr'>maledictione</span> <span class='ocrx_word' id='word_1_115' title='bbox 1117 1864 1280 1928; x_wconf 74' lang='lat' dir='ltr'>uiolaturi</span> <span class='ocrx_word' id='word_1_116' title='bbox 1303 1881 1397 1946; x_wconf 89' lang='lat' dir='ltr'>quam</span> 
     </span>
     <span class='ocr_line' id='line_1_15' title="bbox 265 1963 1397 2048; baseline 0.001 -20"><span class='ocrx_word' id='word_1_117' title='bbox 265 1963 369 2048; x_wconf 67' lang='lat' dir='ltr'>greum</span> <span class='ocrx_word' id='word_1_118' title='bbox 397 1967 503 2029; x_wconf 88' lang='lat' dir='ltr'>autem</span> <span class='ocrx_word' id='word_1_119' title='bbox 526 1982 563 2028; x_wconf 90' lang='lat' dir='ltr'>ae</span> <span class='ocrx_word' id='word_1_120' title='bbox 587 1963 755 2048; x_wconf 89' lang='lat' dir='ltr'>singularis</span> <span class='ocrx_word' id='word_1_121' title='bbox 784 1964 901 2046; x_wconf 81' lang='lat' dir='ltr'>piaculi</span> <span class='ocrx_word' id='word_1_122' title='bbox 929 1964 1048 2030; x_wconf 87' lang='lat' dir='ltr'>malum</span> <span class='ocrx_word' id='word_1_123' title='bbox 1077 1966 1120 2031; x_wconf 92' lang='lat' dir='ltr'>sit</span> <span class='ocrx_word' id='word_1_124' title='bbox 1143 1985 1255 2032; x_wconf 91' lang='lat' dir='ltr'>nomeu</span> <span class='ocrx_word' id='word_1_125' title='bbox 1279 1964 1397 2030; x_wconf 88' lang='lat' dir='ltr'>diuini-</span> 
     </span>
     <span class='ocr_line' id='line_1_16' title="bbox 265 2066 1435 2150; baseline 0 -20"><span class='ocrx_word' id='word_1_126' title='bbox 265 2069 340 2131; x_wconf 86' lang='lat' dir='ltr'>tatis</span> <span class='ocrx_word' id='word_1_127' title='bbox 369 2066 403 2132; x_wconf 92' lang='lat' dir='ltr'>in</span> <span class='ocrx_word' id='word_1_128' title='bbox 431 2067 660 2148; x_wconf 83' lang='lat' dir='ltr'>blasphemiam</span> <span class='ocrx_word' id='word_1_129' title='bbox 690 2067 833 2150; x_wconf 88' lang='lat' dir='ltr'>gentium</span> <span class='ocrx_word' id='word_1_130' title='bbox 861 2069 944 2147; x_wconf 89' lang='lat' dir='ltr'>dare,</span> <span class='ocrx_word' id='word_1_131' title='bbox 975 2069 1073 2135; x_wconf 89' lang='lat' dir='ltr'>etiam</span> <span class='ocrx_word' id='word_1_132' title='bbox 1095 2069 1199 2135; x_wconf 90' lang='lat' dir='ltr'>Dauid</span> <span class='ocrx_word' id='word_1_133' title='bbox 1222 2069 1398 2135; x_wconf 88' lang='lat' dir='ltr'>beatissimi</span> <span class='ocrx_word' id='word_1_134' title='bbox 1411 2087 1435 2130; x_wconf 82' lang='lat'>1⁵</span> 
     </span>
     <span class='ocr_line' id='line_1_17' title="bbox 265 2171 1398 2255; baseline 0.001 -20"><span class='ocrx_word' id='word_1_135' title='bbox 265 2171 427 2235; x_wconf 88' lang='lat' dir='ltr'>edocemur</span> <span class='ocrx_word' id='word_1_136' title='bbox 461 2171 616 2251; x_wconf 83' lang='lat' dir='ltr'>exemplo:</span> <span class='ocrx_word' id='word_1_137' title='bbox 655 2171 708 2253; x_wconf 91' lang='lat' dir='ltr'>qui</span> <span class='ocrx_word' id='word_1_138' title='bbox 744 2189 817 2235; x_wconf 89' lang='lat' dir='ltr'>cum</span> <span class='ocrx_word' id='word_1_139' title='bbox 851 2171 1000 2255; x_wconf 82' lang='lat' dir='ltr'>suffragio</span> <span class='ocrx_word' id='word_1_140' title='bbox 1036 2173 1231 2238; x_wconf 87' lang='lat' dir='ltr'>iustitiarum</span> <span class='ocrx_word' id='word_1_141' title='bbox 1268 2190 1398 2238; x_wconf 89' lang='lat' dir='ltr'>suarum</span> 
     </span>
     <span class='ocr_line' id='line_1_18' title="bbox 266 2273 1397 2359; baseline 0.004 -24"><span class='ocrx_word' id='word_1_142' title='bbox 266 2275 426 2336; x_wconf 87' lang='lat' dir='ltr'>aeternam</span> <span class='ocrx_word' id='word_1_143' title='bbox 459 2290 514 2355; x_wconf 91' lang='lat' dir='ltr'>pro</span> <span class='ocrx_word' id='word_1_144' title='bbox 548 2273 768 2338; x_wconf 87' lang='lat' dir='ltr'>offensionibus</span> <span class='ocrx_word' id='word_1_145' title='bbox 801 2274 866 2339; x_wconf 91' lang='lat' dir='ltr'>suis</span> <span class='ocrx_word' id='word_1_146' title='bbox 899 2293 1031 2356; x_wconf 91' lang='lat' dir='ltr'>poenam</span> <span class='ocrx_word' id='word_1_147' title='bbox 1064 2296 1120 2359; x_wconf 92' lang='lat' dir='ltr'>per</span> <span class='ocrx_word' id='word_1_148' title='bbox 1153 2297 1248 2342; x_wconf 88' lang='lat' dir='ltr'>unam</span> <span class='ocrx_word' id='word_1_149' title='bbox 1270 2277 1397 2341; x_wconf 89' lang='lat' dir='ltr'>tantum</span> 
     </span>
     <span class='ocr_line' id='line_1_19' title="bbox 265 2375 1398 2456; baseline 0.001 -15"><span class='ocrx_word' id='word_1_150' title='bbox 265 2375 490 2441; x_wconf 86' lang='lat' dir='ltr'>confessionem</span> <span class='ocrx_word' id='word_1_151' title='bbox 512 2378 661 2442; x_wconf 89' lang='lat' dir='ltr'>meruerit</span> <span class='ocrx_word' id='word_1_152' title='bbox 690 2378 836 2456; x_wconf 85' lang='lat' dir='ltr'>euadere,</span> <span class='ocrx_word' id='word_1_153' title='bbox 864 2377 956 2443; x_wconf 92' lang='lat' dir='ltr'>huius</span> <span class='ocrx_word' id='word_1_154' title='bbox 979 2379 1085 2444; x_wconf 89' lang='lat' dir='ltr'>tamen</span> <span class='ocrx_word' id='word_1_155' title='bbox 1109 2380 1249 2444; x_wconf 89' lang='lat' dir='ltr'>oriminis</span> <span class='ocrx_word' id='word_1_156' title='bbox 1271 2379 1398 2445; x_wconf 90' lang='lat' dir='ltr'>ueniam</span> 
     </span>
     <span class='ocr_line' id='line_1_20' title="bbox 264 2479 1396 2565; baseline 0.001 -21"><span class='ocrx_word' id='word_1_157' title='bbox 264 2497 323 2544; x_wconf 91' lang='lat' dir='ltr'>nec</span> <span class='ocrx_word' id='word_1_158' title='bbox 344 2498 401 2563; x_wconf 92' lang='lat' dir='ltr'>per</span> <span class='ocrx_word' id='word_1_159' title='bbox 428 2479 658 2561; x_wconf 89' lang='lat' dir='ltr'>paenitentiam</span> <span class='ocrx_word' id='word_1_160' title='bbox 691 2481 940 2563; x_wconf 86' lang='lat' dir='ltr'>patrocinantem</span> <span class='ocrx_word' id='word_1_161' title='bbox 971 2485 1075 2565; x_wconf 90' lang='lat' dir='ltr'>potuit</span> <span class='ocrx_word' id='word_1_162' title='bbox 1107 2483 1284 2565; x_wconf 86' lang='lat' dir='ltr'>impetrare.</span> <span class='ocrx_word' id='word_1_163' title='bbox 1322 2501 1396 2547; x_wconf 92' lang='lat' dir='ltr'>nam</span> 
     </span>
     <span class='ocr_line' id='line_1_21' title="bbox 264 2581 1433 2668; baseline 0.004 -21"><span class='ocrx_word' id='word_1_164' title='bbox 264 2582 387 2647; x_wconf 88' lang='lat' dir='ltr'>cumei</span> <span class='ocrx_word' id='word_1_165' title='bbox 411 2599 528 2646; x_wconf 88' lang='lat' dir='ltr'>errores</span> <span class='ocrx_word' id='word_1_166' title='bbox 558 2583 697 2664; x_wconf 89' lang='lat' dir='ltr'>proprios</span> <span class='ocrx_word' id='word_1_167' title='bbox 727 2582 888 2648; x_wconf 88' lang='lat' dir='ltr'>confitenti</span> <span class='ocrx_word' id='word_1_168' title='bbox 912 2581 1051 2660; x_wconf 85' lang='lat' dir='ltr'>Natham</span> <span class='ocrx_word' id='word_1_169' title='bbox 1073 2584 1224 2668; x_wconf 90' lang='lat' dir='ltr'>propheta</span> <span class='ocrx_word' id='word_1_170' title='bbox 1247 2585 1394 2653; x_wconf 85' lang='lat' dir='ltr'>dixisset:</span> <span class='ocrx_word' id='word_1_171' title='bbox 1407 2605 1433 2646; x_wconf 79' lang='lat' dir='ltr'>no</span> 
     </span>
     <span class='ocr_line' id='line_1_22' title="bbox 264 2685 1396 2769; baseline 0.007 -21"><span class='ocrx_word' id='word_1_172' title='bbox 264 2685 480 2751; x_wconf 87' lang='lat' dir='ltr'>transtulit</span> <span class='ocrx_word' id='word_1_173' title='bbox 503 2686 597 2750; x_wconf 90' lang='lat' dir='ltr'>deus</span> <span class='ocrx_word' id='word_1_174' title='bbox 620 2689 824 2769; x_wconf 88' lang='lat' dir='ltr'>peecatum</span> <span class='ocrx_word' id='word_1_175' title='bbox 846 2690 971 2765; x_wconf 87' lang='lat' dir='ltr'>tuum,</span> <span class='ocrx_word' id='word_1_176' title='bbox 1001 2706 1075 2753; x_wconf 92' lang='lat' dir='ltr'>non</span> <span class='ocrx_word' id='word_1_177' title='bbox 1096 2689 1296 2768; x_wconf 87' lang='lat' dir='ltr'>morieris,</span> <span class='ocrx_word' id='word_1_178' title='bbox 1320 2693 1396 2756; x_wconf 91' lang='lat' dir='ltr'>suh-</span> 
     </span>
     <span class='ocr_line' id='line_1_23' title="bbox 264 2785 1397 2874; baseline 0.004 -22"><span class='ocrx_word' id='word_1_179' title='bbox 264 2787 344 2853; x_wconf 92' lang='lat' dir='ltr'>didit</span> <span class='ocrx_word' id='word_1_180' title='bbox 373 2785 502 2852; x_wconf 80' lang='lat' dir='ltr'>statimz&#39;</span> <span class='ocrx_word' id='word_1_181' title='bbox 529 2793 811 2854; x_wconf 88' lang='lat' dir='ltr'>uerumtamen</span> <span class='ocrx_word' id='word_1_182' title='bbox 833 2791 925 2871; x_wconf 91' lang='lat' dir='ltr'>quia</span> <span class='ocrx_word' id='word_1_183' title='bbox 947 2789 1231 2874; x_wconf 88' lang='lat' dir='ltr'>blasphemare</span> <span class='ocrx_word' id='word_1_184' title='bbox 1254 2793 1397 2858; x_wconf 84' lang='lat' dir='ltr'>fecisti</span> 
     </span>
     <span class='ocr_line' id='line_1_24' title="bbox 263 2890 1396 2980; baseline 0.004 -25"><span class='ocrx_word' id='word_1_185' title='bbox 263 2890 450 2956; x_wconf 88' lang='lat' dir='ltr'>inimicos</span> <span class='ocrx_word' id='word_1_186' title='bbox 484 2891 633 2957; x_wconf 91' lang='lat' dir='ltr'>domini</span> <span class='ocrx_word' id='word_1_187' title='bbox 665 2896 830 2976; x_wconf 88' lang='lat' dir='ltr'>propter</span> <span class='ocrx_word' id='word_1_188' title='bbox 862 2894 1022 2960; x_wconf 90' lang='lat' dir='ltr'>uerbum</span> <span class='ocrx_word' id='word_1_189' title='bbox 1050 2896 1134 2975; x_wconf 82' lang='lat' dir='ltr'>hoo,</span> <span class='ocrx_word' id='word_1_190' title='bbox 1170 2895 1305 2976; x_wconf 83' lang='lat' dir='ltr'>filius,</span> <span class='ocrx_word' id='word_1_191' title='bbox 1330 2898 1396 2980; x_wconf 91' lang='lat' dir='ltr'>qui</span> 
     </span>
    </p>

    <p class='ocr_par' dir='ltr' id='par_1_5' title="bbox 149 2993 1432 3287">
     <span class='ocr_line' id='line_1_25' title="bbox 212 2993 1395 3083; baseline 0.005 -23"><span class='ocrx_word' id='word_1_192' title='bbox 212 2993 304 3060; x_wconf 78' lang='lat' dir='ltr'>esox</span> <span class='ocrx_word' id='word_1_193' title='bbox 326 2999 364 3060; x_wconf 92' lang='lat' dir='ltr'>te</span> <span class='ocrx_word' id='word_1_194' title='bbox 386 2998 500 3060; x_wconf 88' lang='lat' dir='ltr'>natus</span> <span class='ocrx_word' id='word_1_195' title='bbox 523 2998 595 3074; x_wconf 88' lang='lat' dir='ltr'>est,</span> <span class='ocrx_word' id='word_1_196' title='bbox 626 2996 828 3062; x_wconf 89' lang='lat' dir='ltr'>morietur.</span> <span class='ocrx_word' id='word_1_197' title='bbox 867 3000 900 3063; x_wconf 92' lang='lat' dir='ltr'>et</span> <span class='ocrx_word' id='word_1_198' title='bbox 923 2999 998 3081; x_wconf 89' lang='lat' dir='ltr'>qnid</span> <span class='ocrx_word' id='word_1_199' title='bbox 1027 3003 1096 3081; x_wconf 90' lang='lat' dir='ltr'>post</span> <span class='ocrx_word' id='word_1_200' title='bbox 1118 2999 1220 3066; x_wconf 79' lang='lat' dir='ltr'>haec?</span> <span class='ocrx_word' id='word_1_201' title='bbox 1253 2999 1395 3083; x_wconf 87' lang='lat' dir='ltr'>deposito</span> 
     </span>
     <span class='ocr_line' id='line_1_26' title="bbox 149 3098 1432 3186; baseline 0.002 -22"><span class='ocrx_word' id='word_1_202' title='bbox 149 3169 151 3176; x_wconf 59' lang='grc'>,</span> <span class='ocrx_word' id='word_1_203' title='bbox 264 3098 386 3164; x_wconf 88' lang='lat' dir='ltr'>seilicet</span> <span class='ocrx_word' id='word_1_204' title='bbox 417 3099 592 3164; x_wconf 86' lang='lat' dir='ltr'>diedemate</span> <span class='ocrx_word' id='word_1_205' title='bbox 620 3101 770 3181; x_wconf 89' lang='lat' dir='ltr'>proiectis</span> <span class='ocrx_word' id='word_1_206' title='bbox 798 3102 941 3184; x_wconf 87' lang='lat' dir='ltr'>gemmis,</span> <span class='ocrx_word' id='word_1_207' title='bbox 972 3104 1083 3168; x_wconf 86' lang='lat' dir='ltr'>erutus</span> <span class='ocrx_word' id='word_1_208' title='bbox 1105 3103 1252 3186; x_wconf 87' lang='lat' dir='ltr'>purpuris</span> <span class='ocrx_word' id='word_1_209' title='bbox 1274 3108 1432 3170; x_wconf 78' lang='lat' dir='ltr'>remotorn</span> 
     </span>
     <span class='ocr_line' id='line_1_27' title="bbox 264 3202 1395 3287; baseline 0.005 -21"><span class='ocrx_word' id='word_1_210' title='bbox 264 3202 350 3267; x_wconf 90' lang='lat' dir='ltr'>omni</span> <span class='ocrx_word' id='word_1_211' title='bbox 372 3203 536 3284; x_wconf 89' lang='lat' dir='ltr'>splendore</span> <span class='ocrx_word' id='word_1_212' title='bbox 558 3203 663 3286; x_wconf 90' lang='lat' dir='ltr'>regiae</span> <span class='ocrx_word' id='word_1_213' title='bbox 684 3205 864 3287; x_wconf 82' lang='lat' dir='ltr'>dignitatis,</span> <span class='ocrx_word' id='word_1_214' title='bbox 895 3224 967 3269; x_wconf 90' lang='lat' dir='ltr'>cum</span> <span class='ocrx_word' id='word_1_215' title='bbox 995 3224 1049 3284; x_wconf 92' lang='lat' dir='ltr'>pro</span> <span class='ocrx_word' id='word_1_216' title='bbox 1078 3205 1128 3272; x_wconf 91' lang='lat' dir='ltr'>his</span> <span class='ocrx_word' id='word_1_217' title='bbox 1151 3207 1295 3272; x_wconf 91' lang='lat' dir='ltr'>omnibus</span> <span class='ocrx_word' id='word_1_218' title='bbox 1318 3208 1395 3274; x_wconf 90' lang='lat' dir='ltr'>soli-</span> 
     </span>
    </p>

    <p class='ocr_par' dir='ltr' id='par_1_6' title="bbox 226 3307 1511 3498">
     <span class='ocr_line' id='line_1_28' title="bbox 226 3307 1511 3390; baseline 0.005 -20"><span class='ocrx_word' id='word_1_219' title='bbox 226 3325 229 3332; x_wconf 86' lang='lat'>·</span> <span class='ocrx_word' id='word_1_220' title='bbox 263 3307 361 3370; x_wconf 88' lang='lat' dir='ltr'>tarius</span> <span class='ocrx_word' id='word_1_221' title='bbox 395 3324 524 3389; x_wconf 88' lang='lat' dir='ltr'>gemens</span> <span class='ocrx_word' id='word_1_222' title='bbox 558 3307 679 3386; x_wconf 87' lang='lat' dir='ltr'>elusus,</span> <span class='ocrx_word' id='word_1_223' title='bbox 713 3325 802 3373; x_wconf 87' lang='lat' dir='ltr'>sacco</span> <span class='ocrx_word' id='word_1_224' title='bbox 836 3308 997 3390; x_wconf 90' lang='lat' dir='ltr'>squalidus</span> <span class='ocrx_word' id='word_1_225' title='bbox 1026 3309 1103 3374; x_wconf 88' lang='lat' dir='ltr'>fletu</span> <span class='ocrx_word' id='word_1_226' title='bbox 1125 3312 1269 3376; x_wconf 89' lang='lat' dir='ltr'>madidus</span> <span class='ocrx_word' id='word_1_227' title='bbox 1292 3312 1394 3376; x_wconf 89' lang='lat' dir='ltr'>einero</span> <span class='ocrx_word' id='word_1_228' title='bbox 1510 3351 1511 3354; x_wconf 60' lang='lat'><em>=</em></span> 
     </span>
     <span class='ocr_line' id='line_1_29' title="bbox 263 3407 1394 3498; baseline 0.008 -27"><span class='ocrx_word' id='word_1_229' title='bbox 263 3407 449 3488; x_wconf 85' lang='lat' dir='ltr'>sordidatus,</span> <span class='ocrx_word' id='word_1_230' title='bbox 483 3409 584 3476; x_wconf 87' lang='lat' dir='ltr'>uitam</span> <span class='ocrx_word' id='word_1_231' title='bbox 615 3409 739 3494; x_wconf 89' lang='lat' dir='ltr'>paruuli</span> <span class='ocrx_word' id='word_1_232' title='bbox 772 3411 822 3475; x_wconf 90' lang='lat' dir='ltr'>sui</span> <span class='ocrx_word' id='word_1_233' title='bbox 855 3412 904 3476; x_wconf 92' lang='lat' dir='ltr'>tot</span> <span class='ocrx_word' id='word_1_234' title='bbox 936 3412 1200 3482; x_wconf 88' lang='lat' dir='ltr'>lamentationum</span> <span class='ocrx_word' id='word_1_235' title='bbox 1233 3415 1394 3498; x_wconf 87' lang='lat' dir='ltr'>suffragiis</span> 
     </span>
    </p>
   </div>
   <div class='ocr_carea' id='block_1_4' title="bbox 364 3581 1293 3670">
    <p class='ocr_par' dir='ltr' id='par_1_7' title="bbox 364 3581 1293 3670">
     <span class='ocr_line' id='line_1_30' title="bbox 364 3581 1293 3670; baseline 0.006 -29"><span class='ocrx_word' id='word_1_236' title='bbox 364 3587 382 3641; x_wconf 89' lang='grc'>9</span> <span class='ocrx_word' id='word_1_237' title='bbox 408 3587 463 3643; x_wconf 85' lang='lat' dir='ltr'>Tit.</span> <span class='ocrx_word' id='word_1_238' title='bbox 482 3591 505 3658; x_wconf 87' lang='lat'>1,</span> <span class='ocrx_word' id='word_1_239' title='bbox 524 3589 557 3644; x_wconf 85' lang='grc'>16</span> <span class='ocrx_word' id='word_1_240' title='bbox 660 3591 691 3644; x_wconf 94' lang='grc'>11</span> <span class='ocrx_word' id='word_1_241' title='bbox 719 3589 750 3644; x_wconf 95' lang='lat' dir='ltr'>II</span> <span class='ocrx_word' id='word_1_242' title='bbox 767 3589 825 3670; x_wconf 73' lang='lat' dir='ltr'>Bet.</span> <span class='ocrx_word' id='word_1_243' title='bbox 844 3589 904 3657; x_wconf 86' lang='grc'>2,2</span> <span class='ocrx_word' id='word_1_244' title='bbox 1007 3589 1039 3644; x_wconf 92' lang='grc'>21</span> <span class='ocrx_word' id='word_1_245' title='bbox 1067 3581 1240 3660; x_wconf 61' lang='lat' dir='ltr'>Iraegua,</span> <span class='ocrx_word' id='word_1_246' title='bbox 1260 3595 1293 3647; x_wconf 86' lang='grc'>13</span> 
     </span>
    </p>
   </div>
   <div class='ocr_carea' id='block_1_5' title="bbox 262 3753 1396 4414">
    <p class='ocr_par' dir='ltr' id='par_1_8' title="bbox 262 3753 1396 4414">
     <span class='ocr_line' id='line_1_31' title="bbox 315 3753 1396 3823; baseline 0.006 -18"><span class='ocrx_word' id='word_1_247' title='bbox 315 3753 446 3820; x_wconf 86' lang='lat' dir='ltr'>lpoaset</span> <span class='ocrx_word' id='word_1_248' title='bbox 464 3754 601 3820; x_wconf 79' lang='lat' dir='ltr'>capessit</span> <span class='ocrx_word' id='word_1_249' title='bbox 623 3755 738 3808; x_wconf 84' lang='lat' dir='ltr'>Acorr.</span> <span class='ocrx_word' id='word_1_250' title='bbox 756 3769 791 3808; x_wconf 88' lang='lat' dir='ltr'>m.</span> <span class='ocrx_word' id='word_1_251' title='bbox 809 3757 841 3808; x_wconf 79' lang='lat'>2:</span> <span class='ocrx_word' id='word_1_252' title='bbox 871 3755 958 3823; x_wconf 86' lang='lat' dir='ltr'>possit</span> <span class='ocrx_word' id='word_1_253' title='bbox 979 3753 1008 3809; x_wconf 87' lang='lat' dir='ltr'><em>B</em></span> <span class='ocrx_word' id='word_1_254' title='bbox 1058 3777 1060 3782; x_wconf 96' lang='lat'>·</span> <span class='ocrx_word' id='word_1_255' title='bbox 1111 3755 1276 3810; x_wconf 89' lang='lat' dir='ltr'>3immania</span> <span class='ocrx_word' id='word_1_256' title='bbox 1294 3773 1327 3812; x_wconf 80' lang='lat' dir='ltr'>ea</span> <span class='ocrx_word' id='word_1_257' title='bbox 1343 3757 1396 3811; x_wconf 89' lang='lat' dir='ltr'>im-</span> 
     </span>
     <span class='ocr_line' id='line_1_32' title="bbox 262 3837 1395 3912; baseline 0.006 -20"><span class='ocrx_word' id='word_1_258' title='bbox 262 3837 380 3892; x_wconf 89' lang='lat' dir='ltr'>maniam</span> <span class='ocrx_word' id='word_1_259' title='bbox 398 3843 469 3892; x_wconf 76' lang='lat' dir='ltr'>corr.</span> <span class='ocrx_word' id='word_1_260' title='bbox 492 3838 536 3892; x_wconf 89' lang='lat' dir='ltr'>To</span> <span class='ocrx_word' id='word_1_261' title='bbox 552 3855 587 3892; x_wconf 78' lang='lat' dir='ltr'>aa.</span> <span class='ocrx_word' id='word_1_262' title='bbox 598 3843 632 3894; x_wconf 87' lang='grc'>2.·</span> <span class='ocrx_word' id='word_1_263' title='bbox 658 3840 815 3893; x_wconf 78' lang='lat' dir='ltr'>immanium</span> <span class='ocrx_word' id='word_1_264' title='bbox 833 3841 861 3894; x_wconf 88' lang='lat' dir='ltr'><strong><em>A</em></strong></span> <span class='ocrx_word' id='word_1_265' title='bbox 877 3839 910 3894; x_wconf 76' lang='lat' dir='ltr'>aba</span> <span class='ocrx_word' id='word_1_266' title='bbox 927 3857 981 3910; x_wconf 75' lang='lat' dir='ltr'>pao</span> <span class='ocrx_word' id='word_1_267' title='bbox 994 3841 1138 3910; x_wconf 81' lang='lat' dir='ltr'>praeeedit</span> <span class='ocrx_word' id='word_1_268' title='bbox 1156 3843 1313 3898; x_wconf 85' lang='lat' dir='ltr'>sceleratam</span> <span class='ocrx_word' id='word_1_269' title='bbox 1332 3845 1395 3912; x_wconf 83' lang='lat' dir='ltr'>(sic)</span> 
     </span>
     <span class='ocr_line' id='line_1_33' title="bbox 262 3923 1395 3998; baseline 0.005 -21"><span class='ocrx_word' id='word_1_270' title='bbox 262 3927 288 3978; x_wconf 82' lang='lat' dir='ltr'>et</span> <span class='ocrx_word' id='word_1_271' title='bbox 306 3923 334 3978; x_wconf 86' lang='lat' dir='ltr'><strong><em>B</em></strong></span> <span class='ocrx_word' id='word_1_272' title='bbox 424 3925 560 3992; x_wconf 85' lang='lat' dir='ltr'>perueniri</span> <span class='ocrx_word' id='word_1_273' title='bbox 578 3924 634 3978; x_wconf 86' lang='lat' dir='ltr'>B·</span> <span class='ocrx_word' id='word_1_274' title='bbox 699 3923 827 3998; x_wconf 85' lang='lat' dir='ltr'>4quales</span> <span class='ocrx_word' id='word_1_275' title='bbox 845 3943 879 3980; x_wconf 81' lang='lat' dir='ltr'>cc</span> <span class='ocrx_word' id='word_1_276' title='bbox 896 3927 982 3995; x_wconf 85' lang='lat' dir='ltr'>qualis</span> <span class='ocrx_word' id='word_1_277' title='bbox 1000 3929 1028 3981; x_wconf 88' lang='lat' dir='ltr'><strong><em>A</em></strong></span> <span class='ocrx_word' id='word_1_278' title='bbox 1045 3943 1115 3982; x_wconf 83' lang='lat' dir='ltr'>corr.</span> <span class='ocrx_word' id='word_1_279' title='bbox 1133 3930 1200 3983; x_wconf 80' lang='lat' dir='ltr'>rra2</span> <span class='ocrx_word' id='word_1_280' title='bbox 1296 3930 1330 3983; x_wconf 91' lang='lat'>10</span> <span class='ocrx_word' id='word_1_281' title='bbox 1347 3926 1395 3983; x_wconf 90' lang='lat' dir='ltr'>ab·</span> 
     </span>
     <span class='ocr_line' id='line_1_34' title="bbox 262 4009 1396 4088; baseline 0.008 -25"><span class='ocrx_word' id='word_1_282' title='bbox 262 4009 507 4088; x_wconf 58' lang='lat' dir='ltr'>hominabil&#39;es&#39;A-J*</span> <span class='ocrx_word' id='word_1_283' title='bbox 591 4011 624 4066; x_wconf 88' lang='lat'>15</span> <span class='ocrx_word' id='word_1_284' title='bbox 642 4011 793 4066; x_wconf 80' lang='lat' dir='ltr'>beatissimi</span> <span class='ocrx_word' id='word_1_285' title='bbox 811 4029 845 4066; x_wconf 82' lang='lat' dir='ltr'>eac</span> <span class='ocrx_word' id='word_1_286' title='bbox 864 4029 918 4067; x_wconf 91' lang='lat' dir='ltr'>-me</span> <span class='ocrx_word' id='word_1_287' title='bbox 936 4014 963 4066; x_wconf 89' lang='lat' dir='ltr'><strong><em>A</em></strong></span> <span class='ocrx_word' id='word_1_288' title='bbox 981 4029 1051 4068; x_wconf 81' lang='lat' dir='ltr'>corr.</span> <span class='ocrx_word' id='word_1_289' title='bbox 1069 4017 1137 4068; x_wconf 61' lang='lat' dir='ltr'>aad</span> <span class='ocrx_word' id='word_1_290' title='bbox 1240 4015 1272 4069; x_wconf 85' lang='lat'>19</span> <span class='ocrx_word' id='word_1_291' title='bbox 1292 4015 1396 4083; x_wconf 89' lang='lat' dir='ltr'>poenit.</span> 
     </span>
     <span class='ocr_line' id='line_1_35' title="bbox 262 4097 1395 4164; baseline 0.004 -14"><span class='ocrx_word' id='word_1_292' title='bbox 262 4111 296 4150; x_wconf 82' lang='lat' dir='ltr'>eac</span> <span class='ocrx_word' id='word_1_293' title='bbox 312 4098 397 4164; x_wconf 84' lang='lat' dir='ltr'>penit.</span> <span class='ocrx_word' id='word_1_294' title='bbox 414 4097 442 4151; x_wconf 91' lang='lat' dir='ltr'><strong><em>A</em></strong></span> <span class='ocrx_word' id='word_1_295' title='bbox 460 4111 529 4152; x_wconf 82' lang='lat' dir='ltr'>corr.</span> <span class='ocrx_word' id='word_1_296' title='bbox 547 4115 582 4151; x_wconf 85' lang='lat' dir='ltr'>m.</span> <span class='ocrx_word' id='word_1_297' title='bbox 599 4101 617 4152; x_wconf 98' lang='grc'>2</span> <span class='ocrx_word' id='word_1_298' title='bbox 714 4099 749 4152; x_wconf 88' lang='grc'>20</span> <span class='ocrx_word' id='word_1_299' title='bbox 766 4099 867 4152; x_wconf 82' lang='lat' dir='ltr'>nathan</span> <span class='ocrx_word' id='word_1_300' title='bbox 886 4100 914 4154; x_wconf 85' lang='lat' dir='ltr'><em>B</em></span> <span class='ocrx_word' id='word_1_301' title='bbox 1011 4099 1045 4154; x_wconf 82' lang='grc'>25</span> <span class='ocrx_word' id='word_1_302' title='bbox 1062 4101 1148 4154; x_wconf 82' lang='lat' dir='ltr'>exutis</span> <span class='ocrx_word' id='word_1_303' title='bbox 1166 4101 1194 4154; x_wconf 91' lang='lat' dir='ltr'><em>B</em></span> <span class='ocrx_word' id='word_1_304' title='bbox 1217 4114 1218 4120; x_wconf 53' lang='lat'>¹</span> <span class='ocrx_word' id='word_1_305' title='bbox 1292 4103 1395 4155; x_wconf 88' lang='lat' dir='ltr'>remoto</span> 
     </span>
     <span class='ocr_line' id='line_1_36' title="bbox 262 4179 1394 4258; baseline 0.006 -24"><span class='ocrx_word' id='word_1_306' title='bbox 262 4179 415 4237; x_wconf 70' lang='lat' dir='ltr'>Betucius:</span> <span class='ocrx_word' id='word_1_307' title='bbox 440 4189 543 4238; x_wconf 88' lang='lat' dir='ltr'>remota</span> <span class='ocrx_word' id='word_1_308' title='bbox 566 4183 594 4238; x_wconf 87' lang='lat' dir='ltr'><em>B</em></span> <span class='ocrx_word' id='word_1_309' title='bbox 616 4183 652 4252; x_wconf 85' lang='lat' dir='ltr'>(ct</span> <span class='ocrx_word' id='word_1_310' title='bbox 669 4185 726 4258; x_wconf 86' lang='lat' dir='ltr'>AT</span> <span class='ocrx_word' id='word_1_311' title='bbox 745 4183 819 4253; x_wconf 78' lang='lat' dir='ltr'>pund</span> <span class='ocrx_word' id='word_1_312' title='bbox 842 4185 919 4254; x_wconf 78' lang='lat' dir='ltr'>apud</span> <span class='ocrx_word' id='word_1_313' title='bbox 941 4185 1085 4241; x_wconf 69' lang='lat' dir='ltr'>Habonium</span> <span class='ocrx_word' id='word_1_314' title='bbox 1108 4186 1195 4254; x_wconf 82' lang='lat' dir='ltr'>dccet)</span> <span class='ocrx_word' id='word_1_315' title='bbox 1307 4185 1394 4255; x_wconf 87' lang='lat' dir='ltr'>splen-</span> 
     </span>
     <span class='ocr_line' id='line_1_37' title="bbox 262 4267 1395 4342; baseline 0.006 -22"><span class='ocrx_word' id='word_1_316' title='bbox 262 4267 324 4320; x_wconf 87' lang='lat' dir='ltr'>dore</span> <span class='ocrx_word' id='word_1_317' title='bbox 342 4270 432 4338; x_wconf 89' lang='lat' dir='ltr'>regiae</span> <span class='ocrx_word' id='word_1_318' title='bbox 450 4270 540 4338; x_wconf 80' lang='lat' dir='ltr'>dignit</span> <span class='ocrx_word' id='word_1_319' title='bbox 529 4271 596 4324; x_wconf 85' lang='lat' dir='ltr'>tatis</span> <span class='ocrx_word' id='word_1_320' title='bbox 616 4271 652 4326; x_wconf 91' lang='lat' dir='ltr'>T.</span> <span class='ocrx_word' id='word_1_321' title='bbox 679 4269 829 4339; x_wconf 88' lang='lat' dir='ltr'>splendoris</span> <span class='ocrx_word' id='word_1_322' title='bbox 847 4273 936 4341; x_wconf 86' lang='lat' dir='ltr'>regiae</span> <span class='ocrx_word' id='word_1_323' title='bbox 953 4272 1095 4342; x_wconf 83' lang='lat' dir='ltr'>dignitate</span> <span class='ocrx_word' id='word_1_324' title='bbox 1108 4272 1165 4326; x_wconf 85' lang='lat' dir='ltr'>AB</span> <span class='ocrx_word' id='word_1_325' title='bbox 1266 4272 1301 4326; x_wconf 77' lang='grc'>27</span> <span class='ocrx_word' id='word_1_326' title='bbox 1321 4273 1395 4327; x_wconf 88' lang='lat' dir='ltr'>elau·</span> 
     </span>
     <span class='ocr_line' id='line_1_38' title="bbox 262 4353 898 4414; baseline 0.013 -8"><span class='ocrx_word' id='word_1_327' title='bbox 262 4353 352 4407; x_wconf 89' lang='lat' dir='ltr'>susB</span> <span class='ocrx_word' id='word_1_328' title='bbox 457 4372 529 4410; x_wconf 88' lang='lat' dir='ltr'>sacco</span> <span class='ocrx_word' id='word_1_329' title='bbox 548 4373 581 4412; x_wconf 83' lang='lat' dir='ltr'>coc</span> <span class='ocrx_word' id='word_1_330' title='bbox 599 4357 808 4414; x_wconf 82' lang='lat' dir='ltr'>sacouAcorr.</span> <span class='ocrx_word' id='word_1_331' title='bbox 826 4375 862 4413; x_wconf 89' lang='lat' dir='ltr'>m</span> <span class='ocrx_word' id='word_1_332' title='bbox 880 4361 898 4414; x_wconf 87' lang='lat'><strong><em>2</em></strong></span> 
     </span>
    </p>
   </div>
   <div class='ocr_carea' id='block_1_6' title="bbox 0 0 1522 5004">
    <p class='ocr_par' dir='ltr' id='par_1_9' title="bbox 0 0 1522 5004">
     <span class='ocr_line' id='line_1_39' title="bbox 0 0 1522 5004; baseline 0 2"><span class='ocrx_word' id='word_1_333' title='bbox 0 0 1522 5004; x_wconf 95' lang='lat' dir='ltr'> </span> 
     </span>
    </p>
   </div>
  </div>
 </body>
</html>
