3096 5018
483 430 521 484 ad
539 429 715 484 eeclesiam
738 430 783 486 III
802 435 817 495 ς
835 427 945 483 ara-30.
1219 428 1281 494 277

151 640 215 703 ιιι,
250 639 333 704 rogo,
369 624 435 685 tam
470 619 640 685 infideliter
668 639 721 686 our
750 623 816 685 tam
843 619 951 702 inpie?
985 637 1046 683 non
1070 619 1223 701 exigimus
1245 618 1335 684 urat

152 726 258 789 uestra
273 726 399 790 domino
422 723 615 805 largiamini:
639 724 758 806 aliquid
781 721 837 787 deo
854 725 892 788 de
911 741 966 787 suo
981 720 1113 786 reddite.
1145 740 1200 786 our
1215 724 1283 786 tam

151 847 246 893 auare
268 847 321 893 eur
344 831 411 892 tam
433 826 529 908 impie
552 825 673 909 agitis?
695 828 824 891 nonest
844 828 982 890 uestrum
1007 827 1087 907 quod
1111 823 1281 906 denegatis.

151 932 295 1014 iniquum
328 931 429 1014 igitur
463 929 673 1012 arbitramini,
707 931 744 994 ιι
773 927 983 994 saecularibus
1013 927 1087 992 filiis
1119 925 1282 1010 religiosos

129 1033 328 1099 asubstantia
350 1049 440 1116 pares
463 1049 530 1097 esse
553 1029 700 1098 ιιιιιιιιιΙ
721 1033 753 1097 id
775 1046 848 1114 ergo
870 1032 975 1114 agitis,
998 1035 1034 1095 ut
1057 1029 1218 1113 paeniteat
1233 1048 1284 1093 eos

153 1141 278 1220 eoeptae
308 1136 478 1218 religionis,
509 1153 585 1217 quos
616 1134 726 1217 religio
756 1137 837 1216 apud
867 1151 923 1198 uos
952 1135 1062 1199 feeerit
1084 1132 1173 1197 uilas.
1211 1133 1282 1213 pius

152 1239 259 1323 itaque
289 1257 325 1304 ao
353 1238 454 1303 bonus
485 1240 639 1315 dominus,
670 1239 724 1321 qui
754 1239 857 1302 seruat
885 1237 920 1301 in
950 1238 994 1301 eis
1023 1236 1216 1319 propositum
1247 1251 1283 1298 aa

153 1341 378 1423 professionem
401 1359 505 1406 suam:
529 1340 679 1422 aeterum,
702 1339 910 1421 quantumin
931 1339 1020 1404 uobis
1043 1343 1101 1418 est,
1124 1339 1157 1403 id
1179 1336 1284 1421 egitir,

154 1449 189 1510 ιι
218 1445 333 1510 saeeuli
364 1463 415 1509 eos
445 1445 579 1510 cultores
609 1463 675 1509 esse
705 1442 838 1521 faciatis,
870 1445 982 1525 quibus
1005 1443 1180 1507 saeculares
1202 1441 1284 1506 filios

116 1547 328 1616 roanteiertis.
367 1549 441 1632 quid
469 1551 518 1612 est
547 1549 630 1612 enim
658 1547 746 1612 aliud
776 1565 870 1629 qnam
892 1547 1075 1630 religionem
1098 1545 1285 1608 interdicere

154 1654 192 1716 ob
214 1653 397 1735 religionem
420 1652 582 1732 despectui
604 1651 740 1716 habere?

195 1772 251 1839 VI.
283 1772 342 1838 Sed
371 1773 477 1838 iniusti
506 1773 638 1838 fortasse
665 1773 832 1837 uideamur
854 1775 983 1836 eunotos
1005 1772 1151 1856 parentes
1174 1771 1207 1835 in
1229 1769 1339 1836 boetii

153 1876 276 1959 negotio
310 1877 480 1958 aequaliter
514 1879 697 1953 eoensanda
732 1894 802 1940 eum
834 1876 957 1941 seilicet
989 1895 1049 1941 non
1081 1893 1187 1941 omnes
1215 1877 1285 1956 pari

156 1982 249 2063 agant
270 1979 439 2062 iniquitate
462 1997 535 2043 oum
556 1979 641 2044 tiliis.
678 1982 752 2043 sunt
774 1981 869 2057 enim,
892 1979 998 2062 inquit
1012 1979 1136 2062 aliquis,
1160 1979 1286 2043 suntor

11 2089 12 2098 ’
117 2081 339 2164 reparantibus
363 2083 466 2160 multi,
490 2083 543 2164 qui
566 2082 708 2166 aequales
730 2083 805 2147 filiis
820 2083 887 2147 suis
901 2083 1021 2148 faoiant
1035 2083 1202 2164 portiones,
1226 2082 1287 2146 nisi

155 2183 237 2266 quod
259 2204 320 2249 una
348 2186 473 2250 tantum
497 2203 548 2249 eos
571 2186 750 2251 eondieione
773 2187 961 2263 diseernnnt‚
989 2186 1071 2266 quod
1093 2186 1126 2251 in
1148 2186 1188 2250 iis
1210 2186 1285 2268 ipsis

155 2287 309 2371 partibus,
341 2307 419 2370 quae
448 2289 603 2372 religiosis
632 2291 781 2358 uidentur
812 2289 955 2370 adscribi,
986 2307 1080 2353 usum
1109 2289 1217 2353 iubent
1246 2287 1286 2350 ad

156 2410 208 2456 eos
237 2393 461 2474 proprietatem
490 2396 527 2458 ad
556 2394 634 2458 alios
661 2395 825 2476 pertinere.
863 2397 897 2457 at
924 2411 998 2458 uero
1028 2392 1086 2457 hoe
1113 2391 1214 2455 multo
1237 2389 1338 2456 esrae

156 2497 246 2578 peius
268 2497 300 2561 et
322 2494 488 2560 infidelius.
525 2497 746 2563 tolerabilioris
769 2499 882 2581 quippe
897 2495 1060 2578 inpietatis
1079 2493 1206 2560 uidetur
1222 2512 1286 2558 esse

119 2615 230 2666 seeum
263 2599 454 2681 proprietate
487 2601 624 2682 aliquem
656 2600 729 2665 liliis
762 2602 826 2666 auis
856 2603 958 2666 minus
987 2599 1161 2680 relinquere
1192 2615 1287 2678 quam

157 2701 379 2784 proprietatem
408 2701 458 2766 his
488 2721 593 2768 rerum
615 2705 740 2785 penitus
763 2705 894 2769 auferre.
933 2704 1037 2788 potest
1060 2703 1144 2766 enirn
1165 2699 1285 2782 aliqua·

157 2810 248 2870 tenus
271 2805 347 2870 ferri
368 2805 431 2870 ista
452 2805 601 2884 eondieio,
625 2807 654 2872 ιι
676 2808 732 2871 ιιι
752 2809 862 2872 amieis
885 2812 941 2872 aut
962 2805 1118 2872 adfinibus
1140 2805 1196 2870 aut
1217 2821 1288 2887 pro-

156 2908 281 2991 pinquis
296 2909 355 2972 bae
368 2907 439 2990 lego
455 2907 574 2990 aliquid
589 2910 798 2991 relinquatur:
813 2911 888 2975 filiis
903 2927 978 2974 uero
993 2911 1048 2993 qui
1063 2908 1288 2992 proprietatem

157 3029 262 3076 rerum
292 3028 353 3076 non
381 3010 497 3076 tribuit
525 3011 571 3075 nil
596 3013 759 3095 relinquit.
797 3015 851 3078 sed
874 3014 995 3078 inuenit
1018 3011 1216 3094 iniquissima
1238 3011 1288 3076 in·

11 3179 12 3198 ,
120 3113 297 3183 aafidelitas
325 3117 500 3196 parentum,
528 3119 680 3197 quomodo
703 3133 723 3180 a
744 3117 932 3198 patrimonio
961 3134 1016 3180 suo
1047 3115 1140 3180 deum
1162 3114 1287 3194 penitus

156 3216 344 3296 excluderat,
367 3217 589 3299 proprietatem
612 3239 716 3285 rernm
731 3219 884 3302 religiosis
900 3219 977 3284 liliis
991 3218 1168 3283 auferendo.
1195 3234 1288 3280 usum

156 3319 241 3385 enim
269 3319 320 3384 his
350 3319 447 3404 dedit,
478 3323 514 3386 nt
537 3323 618 3387 esset
640 3340 701 3406 quo
722 3323 785 3406 ipsi
808 3323 960 3400 uiuerent,
990 3322 1213 3404 proprietatem
1235 3319 1286 3384 his

156 3423 250 3506 tulit,
288 3424 324 3486 ut
357 3422 438 3504 quod
474 3425 530 3490 deo
567 3425 779 3508 relinquerent
814 3445 876 3491 non
911 3425 1072 3493 haberent.
1120 3444 1138 3490 o
1172 3421 1340 3488 nouum30

155 3703 158 3710 ·
209 3680 224 3733 1
246 3681 330 3747 impie
353 3680 436 3749 agitis
460 3680 502 3734 ed.
525 3681 661 3736 Bolaziua
686 3687 758 3748 (aare
775 3685 815 3752 ιι
902 3685 919 3738 3
943 3684 1027 3753 agitis
1050 3691 1076 3738 et
1092 3685 1136 3739 bic
1154 3685 1220 3752 fort.
1238 3683 1285 3737 de-

155 3765 276 3830 lendam,
294 3771 327 3820 wi
334 3766 499 3834 parmomo
510 3766 587 3822 deest
681 3770 697 3823 6
715 3772 825 3838 coeptae
837 3786 871 3824 ex
883 3772 978 3838 coepta
995 3785 1065 3823 corr.
1077 3771 1145 3822 aad
1164 3768 1219 3822 AB

156 3853 174 3906 8
201 3853 336 3906 metarum
362 3852 390 3905 A
499 3854 530 3908 11
558 3853 691 3923 dispeotui
718 3855 774 3910 AB
886 3856 919 3910 14
945 3855 1042 3924 inquid
1069 3854 1096 3907 Β
1200 3855 1286 3922 aliqui

155 3937 211 3992 AB
315 3939 349 3992 15
371 3939 417 4007 qui
435 3955 470 3994 oa
489 3941 553 4008 quia
570 3955 642 3996 corr.
659 3943 728 3996 ιιι
746 3942 774 3996 Β
877 3941 910 3996 16
927 3941 993 4010 quid
1012 3947 1085 4005 (eote
1104 3942 1143 4010 in)
1161 3955 1285 3996 aseae

155 4023 183 4076 A
277 4023 307 4076 in
324 4023 368 4093 ιιι]
387 4024 440 4076 inis
457 4025 485 4078 A
582 4027 616 4081 18
634 4027 668 4080 ad
685 4041 749 4080 uero
766 4027 822 4080 AB
918 4027 951 4081 19
968 4027 1161 4080 tolerabilioris
1180 4043 1213 4080 aar
1231 4043 1287 4079 -res

155 4125 224 4164 corr.
240 4127 276 4165 m.
295 4112 316 4164 2
333 4111 361 4164 Β
463 4112 495 4166 21
514 4113 567 4182 hia]
585 4112 621 4166 ιιι
640 4113 681 4168 ed.
700 4113 836 4168 Balanitae
933 4115 1058 4183 paenitus
1076 4114 1103 4167 A
1120 4115 1184 4168 dara
1199 4102 1288 4182 paolo

151 4201 216 4264 poet
318 4195 353 4250 22
376 4197 469 4250 amieis
492 4211 528 4252 aa
550 4214 611 4252 -ous
633 4213 703 4253 corr.
725 4202 798 4254 aad
820 4200 849 4253 Β
951 4198 1079 4253 affinibus
1100 4215 1134 4253 ex
1152 4199 1288 4252 adfinibus

155 4296 224 4337 σοιν.
243 4299 278 4336 m.
296 4285 318 4336 2
335 4283 362 4336 A
463 4283 499 4337 23
522 4283 682 4353 aliquidem
705 4286 779 4354 quit
802 4299 872 4340 corr.
889 4287 962 4341 ιιι
985 4286 1012 4338 A
1029 4287 1094 4339 item
1111 4286 1190 4352 infra
1206 4291 1231 4350 §-
1250 4287 1288 4338 30

156 4369 191 4434 of.
211 4370 248 4422 32
351 4367 386 4421 24
403 4369 538 4439 relinquid
557 4369 585 4424 Β
1278 4374 1281 4381 ’
