3068 5012
478 409 519 465 ad
536 410 717 466 eeclesiam
741 409 771 464 II
790 413 805 475 5
823 407 934 462 26-33.
1208 407 1272 474 255

8 597 9 604 ’
138 601 291 668 facultate
320 603 477 685 migrare?
511 600 604 666 aliter
633 601 718 668 enim
747 597 880 682 quilibet
910 597 1031 678 horum,
1063 595 1168 670 sires
1198 613 1270 661 suas

8 717 9 720 ’
138 705 262 771 saeeulo
299 704 412 770 deditis
446 707 539 787 atque
570 703 632 788 ipsi
665 703 787 769 saeculo
821 701 1026 784 derelinquit,
1061 699 1178 766 frustra
1211 700 1272 764 sibi
1304 731 1306 738 v

137 826 254 874 nomen
286 807 447 892 religionis
480 807 654 892 inscripsit:
692 807 722 873 ei
750 806 877 872 uidetur
911 822 1033 886 semper
1065 803 1189 887 uixisse,
1223 803 1273 868 oui

137 911 283 1004 moritur.
319 910 356 976 de
379 909 565 994 coningibus
587 909 692 994 itaque
714 910 778 976 istu
800 906 972 974 sufficiunt.

113 1061 127 1100 ⁵
183 1031 274 1098 VIII.
304 1031 512 1098 Transeamus
541 1031 581 1099 ad
611 1049 713 1098 saeros
739 1029 888 1112 uirgines,
919 1027 1032 1111 quibus
1054 1029 1155 1112 legem
1178 1031 1325 1105 douo-30

137 1135 236 1200 tionis
267 1135 406 1201 saluatur
435 1135 501 1218 ipse
523 1136 741 1218 praescripsit,
772 1133 911 1216 exemplo
934 1132 1055 1198 seilioet
1077 1133 1183 1200 decem
1206 1133 1271 1198 uir-

139 1237 263 1322 ginum,
287 1257 322 1302 ex
344 1239 457 1320 quibus
479 1238 636 1304 fatuarum
651 1257 817 1304 numerum
841 1239 1018 1321 puellarum
1039 1237 1110 1302 ideo
1131 1239 1272 1302 tantum·

138 1340 235 1406 modo
259 1340 336 1407 dieit
357 1341 466 1424 poenis
488 1343 676 1424 perennibus
693 1342 841 1419 dandum,
864 1341 939 1422 quie
954 1340 997 1405 sit
1013 1340 1042 1405 ei
1057 1358 1134 1422 opus
1150 1341 1272 1406 miseri·

138 1445 263 1510 eordiae
297 1444 488 1512 defuturum.
530 1464 591 1528 quo
628 1446 714 1512 dioto
752 1444 987 1510 euidentissime
1025 1443 1131 1510 doouit
1164 1445 1273 1525 quanti

100 1575 127 1614 ιο
138 1549 234 1629 pretii
258 1549 403 1616 iudicarit
426 1552 548 1634 largam
570 1549 826 1627 miserioordiam,
849 1551 917 1614 sine
941 1566 1001 1629 qua
1017 1548 1096 1612 dixit
1113 1567 1169 1614 neo
1191 1548 1272 1614 inte-

137 1653 291 1732 gritatem
320 1653 447 1735 quidem
476 1655 577 1734 ipsam
605 1653 722 1736 uirgini
744 1652 953 1734 profuturam.
988 1652 1041 1715 sed
1069 1651 1323 1724 blandiuntnr3l

137 1755 202 1820 sibi
225 1755 355 1820 fortasse
378 1755 529 1837 quaedam
545 1759 577 1819 et
592 1755 734 1822 suffieere
749 1755 810 1821 sibi
827 1754 1004 1832 aestiment,
1027 1756 1063 1832 si,
1086 1773 1156 1820 oum
1171 1758 1275 1820 multa

135 1859 174 1922 in
205 1857 410 1926 facultatibus
444 1845 586 1941 habeant,
620 1860 728 1924 saltim
761 1860 871 1942 exigua
905 1858 1090 1942 largiantur.
1132 1878 1187 1924 neo
1218 1877 1273 1943 ego

138 1961 255 2040 abnue,
285 1965 331 2042 ut,
361 1964 462 2032 sista
489 1966 569 2030 ratio
599 1964 657 2042 eat,
687 1966 735 2030 ita
757 1982 824 2030 esse
847 1964 1000 2029 eradatur.
1037 1981 1149 2046 parum
1172 1964 1275 2049 detur,

101 2066 168 2134 asi
197 2085 309 2147 perum
340 2067 462 2135 dedisse
496 2068 648 2134 suffioiet:
681 2071 735 2135 sed
764 2085 821 2150 ego
855 2067 997 2132 sufficere
1025 2086 1135 2149 parum
1164 2068 1273 2146 neseio,

137 2169 241 2238 immo
267 2185 379 2253 perum
408 2189 469 2236 non
498 2172 640 2236 suffieore
662 2173 748 2238 oerto
776 2175 849 2237 seio.
887 2172 916 2236 si
938 2172 1024 2236 aliud
1052 2174 1138 2253 ipsae
1161 2173 1274 2252 seiont,

139 2274 226 2354 apud
249 2293 284 2338 se
304 2274 388 2356 ipsas
408 2276 526 2341 seiantz
549 2293 606 2359 ege
628 2295 725 2342 unum
740 2276 812 2358 snio,
837 2277 919 2358 qnod
936 2277 1011 2340 deus
1026 2274 1103 2340 dieit
1118 2277 1272 2341 extinctas

139 2376 302 2444 fatuarum
336 2379 496 2462 uirginum
528 2381 700 2462 lampades,
734 2397 862 2462 operum
896 2380 1046 2443 bonorum
1080 2380 1182 2443 oleum
1214 2401 1275 2446 non

140 2481 302 2546 habentes.
340 2483 396 2548 s'ed
425 2485 472 2561 tu,
505 2502 721 2567 quaecumque
747 2501 791 2562 es,
823 2482 939 2548 hahere
968 2483 999 2546 te
1027 2483 1130 2547 oleum
1154 2486 1274 2549 abunde
1285 2497 1326 2562 32

103 2586 259 2668 reputes?
293 2587 326 2650 et
352 2587 428 2652 illae
454 2587 600 2668 prodesto,
629 2587 667 2651 de
689 2585 805 2668 quibus
827 2587 900 2661 diri,
931 2587 1046 2650 stultae
1070 2587 1207 2670 uirgines
1228 2587 1275 2652 sie

130 2691 311 2772 putabant:
346 2691 406 2756 nisi
436 2691 522 2757 enim
555 2691 668 2758 babere
701 2709 734 2755 se
765 2691 979 2772 eredidissent,
1011 2689 1212 2772 prouiderant
1239 2693 1276 2755 nt

141 2795 304 2860 haberent.
338 2812 412 2860 nam
442 2813 513 2860 eum
541 2795 658 2877 postea,
694 2796 730 2860 nt
759 2794 983 2876 sitdominus,
1013 2797 1153 2858 mutuari
1173 2795 1277 2860 uelint

142 2900 175 2962 et
198 2896 284 2962 omni
307 2897 410 2963 studio
425 2899 519 2980 atque
535 2897 705 2964 ambitione
721 2899 914 2982 perquirant,
937 2899 1054 2979 absque
1071 2898 1165 2963 dnbio
1181 2899 1277 2964 etiem

142 3001 217 3066 ante
251 3002 454 3083 quaesissent,
488 3005 550 3068 nisi
583 3007 635 3068 east
666 3003 801 3070 habendi
828 3001 943 3068 fiducia
969 3001 1152 3083 decepisset.
1186 3005 1219 3066 et
1241 3006 1277 3067 tn

106 3105 261 3188 asiloque,
297 3125 521 3189 quaecumque·
537 3109 625 3192 uirgo
655 3127 696 3186 es,
730 3107 802 3173 uide
823 3125 862 3170 ne
885 3107 931 3170 sia
953 3123 1014 3170 nen
1031 3105 1168 3183 babeas,
1202 3105 1277 3170 lieet

143 3208 261 3272 habere
283 3212 315 3272 te
338 3210 462 3275 eredas:
490 3211 629 3274 eiusdem
652 3209 737 3275 enim.
761 3209 895 3274 nominis
918 3209 1007 3273 euius
1028 3208 1113 3286 illae,
1138 3207 1277 3272 eiusdem

144 3311 347 3392 professionis
371 3331 426 3378 es·
450 3315 486 3378 tn
508 3313 598 3398 uirgo
622 3333 654 3378 es
678 3316 709 3378 et
732 3313 963 3396 illaeuirgines
993 3315 1099 3376 erant:
1128 3315 1164 3376 tu
1185 3329 1277 3396 prae·
1286 3319 1328 3386 33

145 3420 244 3484 sumis
267 3421 299 3481 te
322 3425 390 3482 esse
418 3419 592 3499 sapientem
615 3422 646 3483 et
668 3418 741 3482 illae
765 3435 799 3482 se
820 3416 923 3480 fatuas
946 3435 1007 3482 non
1035 3415 1207 3499 putabant:
1242 3420 1277 3481 tu

145 3519 254 3584 lumen
276 3521 390 3586 habere
411 3522 592 3604 lampadam
615 3526 702 3588 tuam
724 3524 843 3587 indicae
862 3523 990 3586 stillae
1011 3521 1150 3602 prolecto
1171 3523 1278 3586 lumen

110 3626 399 3706 eopraesnmptione
428 3626 527 3691 futuri
556 3625 684 3690 luminis
712 3625 923 3707 perdiderunt.
962 3643 1034 3690 nam
1058 3627 1088 3689 et
1111 3625 1177 3688 ideo
1200 3625 1277 3689 sori-

147 3726 268 3792 buntur
290 3729 412 3813 aptasse
435 3727 597 3811 lampadas
621 3747 702 3806 suas,
734 3730 806 3809 quia
833 3721 1063 3792 inlumin‘andas
1085 3745 1151 3791 esse
1173 3725 1277 3790 erede·

251 3917 268 3968 5
289 3915 390 3970 Matth.
409 3915 443 3970 25

200 4085 296 4160 dpest
312 4085 454 4154 inscripsit
472 4083 535 4140 add.
554 4102 589 4139 m.
609 4087 629 4140 2
648 4100 675 4154 q<
697 4087 742 4152 (π
759 4085 831 4154 qnia)
850 4086 890 4150 A;
912 4084 979 4149 fort.
997 4083 1077 4146 serto.
1096 4084 1120 4136 ei
1137 4082 1210 4139 enim

149 4172 227 4244 eique
250 4171 292 4226 ed.
309 4171 450 4226 Baloao'ae
552 4171 569 4225 8
591 4171 639 4240 sit]
663 4171 714 4226 seit
737 4171 779 4226 ed.
797 4169 932 4227 numios
1034 4170 1073 4235 18Ι
1091 4171 1226 4239 lampades
1244 4187 1278 4228 eo:

148 4257 287 4326 lampadas
305 4273 373 4312 oeta.
392 4274 428 4313 m.
446 4259 466 4310 2
482 4257 510 4311 A
609 4257 644 4311 24
661 4257 800 4325 decipies&
817 4257 845 4310 A
939 4256 972 4310 29
990 4255 1140 4326 lampadem
1157 4272 1191 4313 eoo
1209 4257 1277 4312 lam·

149 4345 246 4414 padam
264 4360 334 4400 corr.
353 4361 387 4398 m.
405 4347 423 4398 2
440 4344 466 4396 A
570 4343 602 4397 31
622 4343 758 4412 lampades
776 4343 804 4398 Β
