3036 5004
423 387 462 441 de
479 385 616 456 gubern.
634 385 687 441 dei
705 386 728 441 V
749 391 764 453 ξ
781 388 891 445 31-37.
1160 395 1222 460 113

89 575 245 642 moderati
267 576 470 642 inueniuntur
492 576 525 640 et
546 575 620 641 insti
638 593 677 641 ao
697 577 888 659 pronitatem
909 579 1003 644 unius
1023 579 1068 644 rei
1092 581 1220 647 alterius

88 677 247 762 probitate
268 681 470 762 oonpenssnt.
501 696 576 744 uum
591 679 673 744 mont
688 683 722 744 iu
736 697 828 746 onere
843 698 994 746 nouorum
1009 681 1221 750 indictionum

89 799 241 865 pauperes
274 784 425 863 gruuuut,
459 783 506 847 ita
533 779 568 846 in
596 799 748 848 nouorum
779 784 987 850 remediorum
1015 787 1220 868 opitqutIone

88 888 286 952 sustentant:
309 886 392 951 sium
415 884 546 951 tributis
563 887 656 950 monis
679 885 815 954 minores
838 887 973 953 maxime
990 887 1220 971 deprimuntur,

69 989 133 1054 asie
165 988 314 1054 remediis
346 987 436 1055 nouis
470 990 604 1053 maximo
637 988 851 1056 subleuantur.
890 991 988 1060 immo
1017 1013 1075 1077 pur
1103 999 1150 1062 ost
1171 997 1221 1062 in·

87 1093 205 1176 iquitus
227 1093 263 1158 iu
291 1095 432 1176 utroque.
471 1109 545 1158 unm
568 1093 651 1158 siout
670 1097 746 1162 sunt
768 1094 803 1159 iu
818 1095 1048 1178 admotione
1070 1117 1219 1183 pauperes

86 1196 195 1280 primi,
218 1195 267 1262 ita
287 1197 321 1261 in
342 1197 535 1263 releuationo
552 1200 715 1280 postremi.
750 1199 779 1263 si
801 1199 924 1281 quando
947 1200 1041 1279 euim,
1064 1205 1102 1266 nt
1124 1221 1222 1286 nuper
1230 1199 1273 1267 35

87 1299 209 1366 fautum
241 1303 300 1384 est,
329 1301 555 1368 eonsulendum
583 1301 713 1368 defertis
740 1302 871 1368 urbibus
901 1304 958 1368 sut
978 1305 1165 1370 minuendas
1187 1306 1221 1372 in

88 1405 196 1486 utiquo
219 1403 405 1472 tributarius
427 1405 603 1470 fuuotioues
618 1409 791 1489 potestates
802 1425 944 1472 summus
961 1408 1219 1489 existimauerim,

18 1509 19 1536 ¹
57 1511 160 1576 oilioo
185 1507 361 1576 remedium
384 1509 506 1574 eunetis
528 1511 638 1576 datum
660 1509 719 1575 soli
740 1510 824 1576 inter
845 1528 879 1575 se
894 1510 1008 1578 diuites
1030 1512 1218 1594 partiuntur.

87 1615 158 1696 quis
180 1616 260 1679 tuno
281 1631 454 1697 pauperum
476 1615 644 1678 meminit?
666 1613 742 1696 quis
751 1612 791 1678 od
812 1615 1062 1680 eommuuionom
1076 1613 1221 1681 beneficii

87 1716 226 1783 humiles
248 1716 281 1782 et
302 1718 483 1798 egestuosos
504 1715 617 1781 uetat?
640 1717 809 1797 ortorum,
832 1716 886 1799 qui
900 1717 1021 1801 primus
1037 1722 1086 1783 ost
1101 1735 1221 1802 semper

18 1847 20 1920 ᾗ
87 1823 119 1886 in
147 1821 290 1895 ommno,
319 1819 373 1884 uel
388 1818 514 1885 ultimo
538 1837 604 1883 esso
627 1820 693 1884 looo
714 1819 834 1902 patitur
855 1819 887 1884 iu
910 1821 1055 1887 medela?
1092 1822 1125 1886 ot
1146 1823 1222 1905 qnid

18 1925 19 1982 i
87 1925 207 2009 plura?
227 1923 388 1989 tributarii
411 1925 536 1988 omniuo
558 1941 708 2008 pauperes
731 1941 793 1989 non
815 1924 974 2006 putantur,
1006 1923 1066 1991 nisi
1090 1943 1161 1989 enm
1182 1924 1221 1990 iis

61 2051 80 2091 n
87 2028 204 2094 tributi
220 2028 364 2092 eumulns
380 2026 569 2108 imponitur:
586 2030 672 2092 entra
682 2046 848 2094 numerum
861 2031 967 2093 autom
981 2030 1220 2096 tributariorum

88 2135 179 2217 sunt,
216 2149 288 2196 eum
320 2131 459 2198 remediis
490 2129 685 2196 diuiduntur.
732 2133 764 2197 et
799 2133 961 2215 putamus,
1002 2132 1084 2212 quod
1121 2131 1273 2214 pernaso

88 2237 216 2302 diuinae
239 2235 416 2300 seueritatis
439 2235 561 2318 indigni
578 2234 685 2312 simus,
709 2252 782 2299 oum
796 2234 842 2299 sie
858 2252 914 2300 nos
929 2251 1052 2317 semper
1067 2253 1218 2318 pauperos

88 2340 270 2422 puniamus,
300 2341 355 2404 aut
379 2338 543 2416 eredimus,
573 2356 642 2402 oum
665 2337 765 2422 iniqui
786 2355 842 2403 nos
864 2337 981 2419 iugiter
1003 2338 1112 2418 simus,
1136 2338 1218 2421 quod

87 2445 162 2510 dous
186 2443 291 2507 iustus
312 2440 345 2506 in
368 2459 423 2508 nos
446 2442 573 2508 omuino
596 2459 744 2506 essenon
768 2441 903 2507 debeat?
925 2441 978 2506 ubi
1001 2442 1085 2506 euim
1107 2441 1219 2507 autin

62 2547 203 2629 aquibus
225 2546 300 2610 suut
321 2545 383 2610 nisi
405 2547 438 2612 in
461 2547 609 2612 RomeuIs
632 2547 758 2611 tantum
780 2546 855 2610 husu
878 2545 984 2610 mulo?
1015 2563 1148 2629 quorum
1165 2547 1220 2609 iu·

88 2651 214 2716 iustitia
235 2651 326 2716 tanta
354 2649 414 2714 nisi
444 2650 574 2715 nostra?
607 2650 722 2716 Frauoi
751 2650 837 2716 euim
858 2650 916 2716 heo
937 2651 1037 2715 soelus
1060 2650 1219 2714 neseiuut:

90 2754 194 2820 chuni
217 2751 259 2818 ab
283 2752 332 2818 his
356 2754 524 2819 soeleritus
546 2753 703 2820 immunes
725 2754 815 2819 sunt:
838 2753 917 2821 nihil
938 2753 1050 2819 horum
1066 2753 1114 2818 ost
1136 2751 1220 2834 apud

89 2856 271 2938 wandalos,
294 2853 375 2919 nihil
396 2854 509 2920 horum
531 2857 612 2937 apud
635 2853 763 2920 Gothos.
791 2855 858 2920 taur
880 2855 972 2939 longe
994 2853 1079 2917 onim
1103 2853 1162 2930 est,
1183 2853 1222 2915 ut

89 2960 160 3026 tuoe
196 2958 281 3024 inter
302 2955 420 3023 Gothos
455 2957 579 3023 barbari
612 2958 757 3035 tolerent,
792 2961 829 3023 ut
857 2977 896 3023 ns
918 2955 1053 3023 Romani
1082 2955 1219 3037 quidem,

63 3065 137 3145 equi
159 3065 249 3128 inter
271 3078 322 3126 eos
349 3061 479 3139 uiuunt,
513 3062 575 3125 ista
601 3061 772 3142 patiantur.
810 3061 916 3144 ituquo
945 3077 1043 3124 uuum
1065 3057 1133 3122 illie
1154 3055 1270 3122 Ro-st

90 3185 254 3232 manorum
283 3165 424 3230 omnium
452 3163 562 3229 uotum
585 3166 642 3243 est,
670 3182 709 3228 ue
731 3181 882 3246 umquem
903 3180 953 3228 eos
974 3179 1100 3227 necesse
1121 3158 1163 3224 sit
1185 3159 1219 3222 in

91 3269 134 3334 ius
167 3259 319 3334 transire*
340 3269 527 3336 Romanum.
571 3285 635 3332 uua
667 3268 699 3332 et
731 3268 925 3334 consentiens
961 3264 1029 3330 illie
1062 3263 1219 3330 Romanas

91 3372 187 3453 plebis
211 3371 322 3449 oratio,
346 3374 383 3436 ut
405 3369 499 3436 Horat
522 3368 567 3434 eis
588 3371 688 3436 uitam
710 3387 807 3453 quum
828 3369 927 3454 agunt
944 3386 1036 3452 agore
1051 3386 1124 3433 oum
1146 3364 1220 3432 tur-

138 3665 152 3716 1
181 3659 375 3715 moderatius
397 3659 553 3714 moderati
577 3660 604 3714 A
626 3673 696 3715 sorr.
714 3675 748 3715 m.
761 3663 785 3715 ¹2
887 3658 937 3714 heo
963 3659 1099 3728 pueritate
1124 3657 1158 3711 A

91 3763 298 3820 Iindietionem
317 3779 399 3836 stupor
418 3765 664 3820 esor.m.2i1A
691 3767 694 3776 '
758 3763 776 3816 4
793 3762 909 3817 minores
926 3778 962 3817 m.
979 3761 1167 3832 deprimuntur
1186 3775 1221 3814 ea

91 3861 205 3916 minores
224 3873 261 3914 m.
279 3857 394 3930 doprem.
412 3857 440 3914 A
458 3875 529 3916 corr.
546 3863 612 3915 Μ
716 3859 733 3913 6
750 3857 831 3927 primi
848 3872 974 3927 pauperes
992 3855 1020 3910 Β
1120 3853 1135 3908 7
1153 3853 1221 3908 relo-

92 3957 221 4010 uitatiouo
239 3955 301 4024 (rio)
317 3957 345 4008 A
449 3954 467 4010 8
490 3952 681 4010 oonsuleudnm
702 3968 753 4008 om.
771 3952 800 4006 Β
901 3949 1060 4006 minuendas
1079 3964 1113 4004 eor
1130 3947 1220 4002 miun-

93 4050 164 4104 eudis
180 4050 211 4106 A
228 4064 300 4106 corr.
320 4065 355 4106 m.
375 4053 391 4104 1
498 4048 527 4102 iu
545 4048 594 4104 aiii
612 4047 671 4115 (ott.
689 4047 824 4116 ipemut.)
841 4060 893 4114 quo
910 4045 938 4099 A
1035 4044 1052 4098 9
1070 4043 1220 4112 potestates

94 4160 125 4198 so
142 4145 194 4198 ·tis
211 4144 241 4198 A
259 4159 329 4198 corr.
347 4145 413 4198 Μ
500 4143 533 4201 13
550 4141 648 4196 ultime
665 4157 688 4196 s.
701 4156 720 4195 a
735 4155 787 4196 our.
804 4155 819 4192 o
837 4155 872 4195 m.
890 4154 943 4195 ree.
961 4139 990 4194 A
1076 4136 1109 4194 17
1127 4136 1221 4206 indig-

93 4239 215 4294 nissimos
232 4240 262 4292 A
278 4237 326 4294 sod
343 4241 418 4293 Μ
440 4238 561 4307 spsioro
574 4241 672 4306 ponor
691 4241 716 4291 et
731 4249 814 4303 sopor
832 4249 916 4290 osor.
934 4249 968 4289 u:
995 4231 1102 4304 indigni
1126 4247 1221 4288 sumus

93 4332 119 4386 Β
221 4333 253 4387 21
273 4334 382 4387 tuntum
399 4331 428 4387 B
527 4331 565 4385 22
581 4329 656 4385 Huni
674 4329 703 4385 Β

141 4437 220 4492 VIII.
1099 4432 1116 4488 8
