3068 5012
471 422 512 477 ad
529 421 706 478 ecclesiam
730 423 899 488 155-11..
1183 424 1245 490 227

115 615 223 677 tamen
245 612 433 695 ubicumque
456 613 614 679 abstrusas
638 610 766 680 hahent.
796 629 886 678 nemo
908 631 942 678 se
964 613 1104 680 ridiculis
1128 613 1246 698 opinio·

111 714 207 780 uibus
241 715 345 780 fallat.
384 715 570 799 quicumque
595 716 749 800 augendis
774 714 891 798 opibus
920 718 1044 783 terrena
1072 717 1246 799 cupiditate

25 813 26 860 ἒ
112 818 310 883 famulantur
342 837 454 884 aurum
483 819 588 884 :terrae
622 836 745 902 semper
766 816 945 886 cutodiant.
988 817 1046 884 hoc
1078 821 1128 884 est
1161 818 1246 886 enim

109 922 204 998 illud,
233 920 316 1003 *qood
333 922 478 987 salrator
496 923 532 988 in
556 920 719 1004 euangelio
728 921 832 986 meoet
851 921 976 988 dicens:
999 921 1139 986 nolite
1162 923 1245 987 the·

91 1024 314 1089 usaurizare
330 1025 449 1090 ¹uehis
475 1023 687 1090 thesauros
712 1024 897 1090 itutterra.
922 1023 1127 1092 utiterum:
1160 1025 1244 1090 the·

109 1127 311 1193 saumata
340 1130 471 1194 antam
495 1127 609 1194 :nohis
632 1128 854 1194 thesauros
877 1127 1061 1195 iucaeln.
1098 1126 1243 1212 intellegi

107 1229 200 1295 iuxta
224 1231 544 1298 cannrlemrauditum
560 1233 708 1298 istamon
730 1233 872 1314 possunt.
891 1232 1055 1314 numquid
1073 1231 1165 1298 enim
1187 1235 1243 1298 aut

99 1334 321 1399 ‹omnes'mali
342 1336 372 1400 in
395 1336 484 1400 terra
506 1335 679 1418 corporales
698 1335 861 1400 thesauros
876 1338 1019 1418 suoseut
1041 1353 1148 1402 omnes
1171 1335 1244 1402 boni

108 1435 142 1501 in
179 1437 265 1502 eaelo
292 1437 427 1503 ¹locant?
454 1456 525 1502 enon
557 1437 677 1520 utique.
721 1438 753 1504 et
788 1437 855 1504 ideo
888 1438 1016 1504 effectus
1038 1437 1242 1520 spiritalium
1275 1437 1296 1502 9

74 1556 218 1608 aerarum
247 1542 340 1622 atque
368 1541 503 1606 uirtutes
532 1543 580 1606 nis
609 1559 714 1606 samaa
739 1542 904 1609 locutionis
927 1540 1089 1622 expressit.
1124 1544 1243 1610 scilicet

98 1648 155 1723 ut,
171 1644 256 1726 epau
278 1644 444 1727 cupiditati
466 1647 498 1708 et
519 1645 670 1710 auaritiae
693 1647 818 1713 terrena
835 1649 930 1727 atque
944 1649 1095 1726 tartarea,
1118 1648 1242 1712 miseri-

106 1747 238 1812 cordiae
265 1748 373 1812 autem
394 1765 432 1812 ac
453 1747 595 1830 largitati
623 1749 829 1816 caelestisne
858 1749 1048 1831 sempiterna
1080 1749 1241 1832 debentur,

109 1849 228 1916 idcireo
248 1851 426 1916 diuersitas
454 1851 570 1916 terreni
596 1854 631 1916 et
658 1851 799 1918 caelestis
828 1851 967 1918 thesauri
993 1852 1096 1935 posita
1125 1856 1183 1931 est,
1207 1856 1244 1919 ut

109 1953 360 2037 qni=uupiditati
385 1957 421 2019 at
447 1955 600 2021 *comitiae
629 1954 878 2022 thesaurizarent
899 1954 933 2020 in
958 1955 1084 2024 inferno
1106 1975 1140 2022 se
1169 1976 1243 2041 opes

79 2058 214 2123 relocare
247 2058 482 2141 cognoscerent,
520 2059 574 2140 qni
607 2076 680 2122 uero
718 2059 947 2126 misericordiae
980 2062 1014 2124 et
1042 2060 1241 2128 humanitati

109 2162 263 2226 caelestes
285 2161 446 2227 thesauros
469 2179 651 2244 praeparare
678 2163 856 2244 maderent.
894 2162 962 2230 loca
984 2163 1091 2245 itaque
1113 2164 1241 2234 thesau-

112 2283 221 2330 rorum
235 2265 275 2330 de
290 2265 414 2330 meritis
429 2265 710 2330 thesaurizantium
724 2265 919 2350 nominauit3
936 2266 982 2332 ibi
997 2269 1079 2332 anim
1096 2268 1243 2334 dicuntur

109 2386 176 2432 esse
198 2371 262 2433 iarn
286 2368 436 2447 thesauri,
459 2368 516 2433 ubi
538 2373 612 2434 runt
635 2369 879 2434 thesaurizantes
902 2368 1011 2436 fnium.

150 2491 211 2555 ΙΙΙ.
248 2489 309 2555 Sed
340 2495 465 2554 austera
494 2490 626 2555 forsitan
656 2490 802 2554 uideatur
832 2508 895 2554 esse
925 2489 1082 2556 sententia
1112 2495 1239 2557 cunctos
1252 2494 1293 2559 10

79 2594 282 2676 coaequaliter
303 2597 342 2659 ad
363 2593 586 2676 perfectionem
615 2606 732 2660 uocans
755 2595 787 2658 et
808 2611 872 2658 una
893 2593 999 2658 ornnes
1021 2594 1090 2678 lege
1113 2596 1239 2678 conpel-

107 2697 185 2771 lans,
212 2715 283 2761 eum
307 2698 415 2780 utique
437 2715 499 2763 non
522 2700 562 2762 sit
575 2697 793 2764 ‘uniuersomm
809 2715 871 2762 nna
886 2697 1033 2762 condicio.
1064 2697 1239 2764 rectissime

107 2800 236 2882 quidem
258 2800 319 2864 dici
342 2801 380 2865 ad
403 2801 466 2865 ista
488 2801 619 2883 poterat,
642 2800 725 2883 quod
748 2817 820 2865 cum
835 2817 940 2866 omncs
963 2803 1114 2884 perpetuo
1136 2802 1239 2868 uelint

107 2905 224 2986 ninere,
247 2919 355 2968 omnes
377 2904 410 2967 id
434 2919 525 2986 agere
548 2905 703 2982 deberent,
725 2907 763 2968 ut
784 2905 885 2969 uitam
903 2903 1093 2986 participare
1107 2908 1238 2988 possint,

107 3009 182 3089 quia
203 3007 508 3074 inconsultissimum
530 3027 567 3073 ac
589 3008 816 3076 stultissimum
840 3006 889 3072 cet
910 3009 942 3072 id
960 3011 1111 3089 quosdam
1133 3027 1236 3091 agere,

78 3114 142 3175 ant
166 3112 248 3192 quod
271 3109 386 3175 affeetu
409 3129 445 3176 ac
467 3115 541 3176 uoto
564 3110 684 3190 uolunt,
708 3109 742 3175 id
763 3112 869 3193 ipsum
890 3113 1034 3191 reatque
1056 3116 1130 3174 actu
1152 3113 1237 3177 nolle

107 3213 283 3278 uideantur.
316 3213 370 3278 sed
400 3215 508 3278 tamen
534 3214 698 3278 uideamus
722 3231 792 3278 eam
819 3213 961 3278 maxime·
975 3211 1234 3291 Christianorum,
1248 3214 1285 3278 ll

108 3317 138 3382 id
161 3317 211 3380 est
231 3315 369 3380 filiorum
391 3319 517 3382 tuorum
533 3322 604 3399 part
604 3337 665 3396 ern,
689 3335 780 3399 quae
775 3317 877 3382 certis
892 3334 996 3380 rerum
1012 3317 1236 3400 inpedimentis

108 3418 464 3502 etinerpugnahilihus,
488 3421 524 3482 ut
546 3420 646 3502 putat,
677 3421 944 3485 necessitudinum
966 3419 1102 3486 uinculis
1125 3439 1145 3485 a
1165 3440 1236 3504 per·

20 3503 22 3596 l
107 3520 241 3587 sectione
262 3524 434 3586 reuocetur.
387 3541 504 3588 urac
526 3525 663 3604 primum
685 3525 717 3588 in
739 3522 798 3588 hac
815 3525 904 3606 parte
927 3523 986 3604 illi,
1012 3524 1128 3606 opinor,
1152 3528 1235 3605 sunt,

20 3607 21 3712 i
77 3626 160 3707 oqui
182 3625 223 3691 ad
244 3627 434 3708 quaerendas
456 3627 650 3707 pecuniaset
673 3625 865 3708 ampliandas
887 3626 1043 3691 latissime
1066 3645 1138 3709 opes
1161 3646 1235 3694 con-

206 3829 225 3883 4
244 3829 345 3884 nasah.
363 3831 387 3896 6,
408 3830 440 3884 19

155 4016 319 4085 6intellegi
336 4031 358 4071 a.
376 4033 390 4070 e
407 4017 468 4088 cyil.
482 4018 608 4086 peceat
625 4033 677 4072 scr.
696 4019 758 4074 iae.
774 4021 794 4074 2
810 4019 839 4072 A
868 4018 993 4087 intellige
1009 4019 1038 4073 Β
1142 4020 1174 4072 11
1192 4018 1234 4072 ‘ut

107 4102 388 4158 commutasses
404 4104 535 4159 Halmius
551 4105 617 4170 fect
636 4105 906 4166 reuoluat
924 4110 1024 4173 punct
1042 4109 1106 4160 rts.
1125 4119 1178 4158 scr.
1196 4104 1234 4158 sit

106 4203 138 4242 m.
150 4189 214 4244 aA
306 4188 339 4243 19
356 4193 513 4245 austerasz
509 4191 645 4258 epotare
661 4206 713 4246 scr.
731 4191 802 4246 hm.
813 4193 832 4246 2
850 4190 878 4246 A
968 4189 1091 4244 forsitam
1108 4189 1197 4256 AB

108 4273 139 4328 21
166 4274 283 4330 conditio
301 4275 334 4329 Β
359 4281 386 4330 et
403 4281 470 4330 cata
486 4291 543 4332 aaa
566 4278 594 4330 A
688 4277 731 4332 22
757 4277 864 4346 quidem
875 4292 921 4332 cu
941 4274 1051 4344 quidam
1074 4291 1144 4330 corr.
1163 4291 1198 4330 m.
1216 4279 1234 4329 2

109 4361 134 4413 Β
234 4362 268 4416 23
286 4365 393 4432 possent
410 4379 444 4417 cz
462 4363 566 4432 possint
583 4379 654 4418 coer.
672 4380 707 4419 m.
725 4365 789 4420 2A

1077 4468 1130 4524 15*
1194 4435 1198 4444 ’
