3068 5012
290 455 351 522 182
600 486 604 496 ‹
740 497 741 502 1
774 453 932 508 Saluiani

288 645 351 708 iam
373 643 499 727 quidem
527 661 619 728 supra
649 643 713 709 dixi
741 643 919 726 saepissime
943 643 976 706 iu
999 641 1048 708 dci
1071 644 1183 725 populo
1207 644 1302 708 etiam
1325 641 1418 707 unius

289 742 411 812 facinus
444 747 564 828 postem
596 745 693 813 fuisse
722 745 903 822 multorum,
941 744 1024 810 sicut
1052 764 1087 809 ex
1117 745 1201 810 furto
1224 745 1329 810 Achar
1350 744 1417 811 ruit

287 850 428 933 populus,
462 847 545 914 ¹sicut
574 866 610 913 ex
639 849 704 913 nelo
728 847 831 914 Saulis
866 852 936 914 orta
969 849 1018 914 est
1051 848 1242 932 pestilentia,
1276 848 1359 914 sicut
1380 864 1416 912 ex

288 952 388 1018 sancti
425 951 528 1018 Dauid
565 952 815 1017 dinumeratione
849 953 1039 1017 mortalitas.
1079 953 1131 1016 vit-a
1165 953 1213 1016 est
1250 951 1332 1016 enim
1367 951 1417 1016 dei

290 1056 529 1138 ecclesiaquasi
552 1056 669 1124 oculus.
702 1072 776 1120 nem
799 1058 835 1118 ut
857 1055 890 1119 in
910 1055 1036 1120 oculum
1061 1054 1184 1119 etiamsi
1198 1067 1296 1136 parua
1311 1054 1416 1120 sordes
1443 1075 1458 1114 s

289 1157 418 1238 incidat,
452 1155 554 1224 totuin
587 1160 695 1224 lumen
729 1157 885 1239 obcaecat,
920 1157 965 1222 sic
989 1158 1022 1222 in
1046 1157 1256 1222 ecclesiastico
1292 1175 1417 1240 corpore

269 1258 414 1328 'etiamsi
436 1261 527 1345 pauci
546 1263 670 1326 sordida
692 1259 821 1336 facient,
845 1277 937 1341 prope
960 1260 1064 1325 totum
1087 1260 1292 1325 ecclesiastici
1314 1251 1416 1342 splen·

237 1363 511 1438 detonsiones
547 1363 722 1430 obfuscant.
766 1367 799 1428 et
834 1363 903 1431 ideo
937 1363 1078 1429 saluator
1111 1363 1176 1445 ipse
1199 1362 1418 1446 principalem

289 1465 433 1532 ecclesiae
466 1469 590 1550 partem
624 1466 747 1532 oculum
778 1466 951 1532 nominauit
980 1468 1103 1532 dicens:
1138 1466 1305 1531 lucerna
1336 1483 1417 1530 cor·

287 1571 395 1652 poris
429 1569 489 1634 tui
523 1574 580 1635 est
614 1571 760 1635 oculus
787 1572 888 1636 tuus.
930 1569 965 1634 si
998 1571 1121 1635 fuerit
1153 1571 1291 1635 oculus
1325 1570 1459 1634 tuusro

288 1673 474 1757 simplex,
498 1674 777 1756 totumcorpus
800 1676 906 1739 tuum
923 1673 1206 1739 lucidumerit:
1231 1673 1264 1738 si
1288 1676 1418 1738 autom

288 1776 428 1842 oculus
461 1777 555 1842 tuus
592 1794 757 1858 nequam
793 1775 934 1854 fuerit,
973 1778 1098 1842 totum
1132 1793 1272 1858 eorpus
1305 1779 1417 1842 tuum

288 1879 539 1944 tenebrosum
569 1880 657 1944 erit.
699 1882 781 1945 undo
822 1883 852 1943 et
893 1881 1051 1962 apostolus
1090 1879 1269 1958 nescitis,
1302 1878 1417 1962 inquit,

288 1979 384 2064 quia·
406 1980 598 2046 modicum
632 1981 868 2047 formentum
901 1983 1027 2048 totam
1055 1999 1221 2046 massam
1250 1999 1419 2047 corrum-

287 2085 375 2168 pit?
399 2085 547 2167 quamuis
570 2103 627 2170 ogo
649 2085 716 2151 illic
737 2103 800 2150 non
821 2086 979 2151 modicum
1003 2086 1041 2150 de
1062 2086 1120 2150 hoc
1135 2086 1227 2164 malo,
1252 2087 1306 2150 sed
1322 2083 1417 2149 nimis
1428 2103 1459 2144 rs
1526 2087 1527 2092 ’

288 2185 385 2255 fuisse
408 2189 519 2265 dicam,
544 2207 605 2253 non
628 2181 701 2269 quia
723 2189 834 2255 molles
856 2189 984 2272 plurimi
1006 2189 1142 2267 fuerunt,
1166 2191 1220 2254 sed
1243 2189 1315 2270 quia
1336 2189 1418 2253 mol·

287 2293 371 2359 lilios
402 2311 570 2378 paucorum
600 2294 683 2359 labes
714 2297 761 2358 est
792 2294 1008 2376 plurimorum.
1044 2311 1118 2358 uam
1147 2294 1205 2357 etsi
1233 2292 1325 2374 pauci
1353 2292 1418 2356 sint

288 2398 341 2480 qui
364 2400 546 2464 dedecorosa
575 2398 763 2477 sustineant,
791 2398 887 2463 multi
910 2401 985 2462 sunt
1008 2396 1061 2479 qui
1083 2413 1253 2479 paucorum
1276 2396 1417 2461 sordibus

287 2499 477 2585 polluantur.
507 2502 589 2566 siout
613 2501 698 2566 enim
720 2519 783 2567 una
805 2502 953 2567 meretrix
976 2503 1092 2566 multos
1110 2491 1313 2565 fornicatores
1330 2498 1416 2576 iacit,

287 2606 333 2670 sio
354 2604 523 2688 plurimam
556 2604 655 2670 ferme
683 2605 792 2688 populi
820 2607 942 2688 partem
971 2603 1119 2686 inquinat
1147 2621 1318 2686 paucorum
1341 2601 1457 2668 effe-ro

288 2708 479 2774 minatorem
506 2708 713 2773 abominanda
740 2708 915 2793 permixtio.
953 2709 984 2774 et
1012 2707 1115 2773 nescio
1138 2708 1191 2790 qui
1214 2724 1322 2772 eorum
1345 2707 1418 2770 ante

288 2813 381 2876 deum
416 2811 584 2876 deteriores
618 2811 692 2889 sint,
727 2830 799 2877 oum
834 2811 956 2895 aequali
988 2814 1021 2877 in
1054 2813 1178 2895 scriptis
1211 2809 1307 2876 sacris
1329 2813 1419 2898 sorte

288 2915 485 2980 damnentur.
521 2917 767 2997 nequeenim
789 2916 947 2994 molles,
976 2915 1094 2996 inquit,
1123 2932 1248 2998 nequo
1271 2931 1418 2980 mascu-

236 3015 414 3084 83lorum
443 3016 725 3083 concubitores
752 3036 914 3101 regnum
942 3018 1003 3083 dei
1030 3019 1303 3101 possidebunt.
1337 3015 1418 3081 illud

288 3137 360 3206 orgo
381 3122 482 3207 magis
505 3121 779 3206 ingemescendum
795 3125 889 3205 atque
906 3122 1079 3207 lugendum
1095 3123 1150 3202 est,
1174 3121 1256 3205 quod
1272 3120 1336 3186 talo
1359 3119 1417 3184 hoc
1428 3137 1457 3177 es

287 3227 388 3291 scelus
411 3225 528 3291 crimen
553 3227 649 3292 etiem
671 3225 770 3291 totius
791 3226 838 3292 rei
860 3225 1003 3309 publicae
1026 3227 1191 3293 uidebatur
1213 3227 1245 3291 et
1267 3224 1418 3289 uniuersa

287 3329 422 3396 Romani
454 3330 599 3395 nominis
615 3330 752 3412 dignitas
781 3329 927 3396 facinoris
956 3329 1127 3414 prodigiosi
1154 3327 1338 3394 inurebatur
1365 3326 1418 3392 in·

288 3431 393 3502 taum
426 3433 605 3500 cumcuim
626 3432 812 3500 muliebrem
833 3433 978 3500 habitum
1002 3433 1064 3499 uiri
1088 3434 1250 3498 sumerent
1267 3433 1300 3499 et
1314 3431 1417 3516 magis

295 3697 298 3703 .
391 3662 542 3742 2Iosuel
627 3662 766 3748 AIReg.
786 3663 827 3717 19.
863 3661 1030 3731 ningat
1116 3661 1349 3728 suetonum

290 3747 514 3818 131Qor.5‚o·
617 3749 652 3804 23
671 3749 767 3832 idios.
786 3749 863 3814 6,10

340 3962 367 4017 2’
380 3962 454 4017 furto
471 3977 507 4017 ec
523 3963 599 4016 furtu
618 3963 646 4016 A
662 3977 732 4016 corr.
750 3965 821 4016 m.2
923 3959 1057 4016 dexorta
1087 3962 1114 4016 B
1216 3961 1343 4016 deonoti
1367 3977 1418 4018 om.

287 4049 316 4104 Β
323 4049 369 4117 (Τ)
474 4048 659 4108 numeratione
681 4049 709 4103 Β
812 4046 940 4102 ὁεοτᾶθε
964 4063 999 4101 ca-
1022 4047 1107 4101 sordis
1133 4049 1160 4100 A
1178 4061 1249 4102 corr.
1266 4049 1338 4101 m.2
1364 4052 1418 4100 s'or·

288 4127 329 4188 dis
346 4130 375 4188 Β
467 4135 502 4188 10
520 4133 612 4189 oculus
630 4133 795 4188 tuus-luerit
813 4132 880 4187 B·
935 4133 969 4187 15
988 4135 1047 4204 ego]
1067 4147 1130 4202 ergo
1147 4134 1175 4186 A
1268 4132 1300 4186 16
1318 4131 1421 4186 fuerint

288 4220 316 4275 Β
335 4220 407 4290 (fuel
428 4221 464 4289 A)
563 4220 691 4276 mollicies
709 4221 765 4276 AB
863 4217 895 4272 11
913 4218 988 4273 labes
1007 4234 1041 4274 ec
1058 4218 1126 4273 labis
1144 4219 1172 4273 A
1189 4233 1258 4274 corr.
1276 4220 1349 4272 m.2

289 4299 346 4360 sint
363 4321 384 4361 s.
402 4321 455 4364 scr.
472 4323 490 4360 u
508 4323 542 4360 m.
560 4311 577 4362 2
596 4308 623 4361 A
650 4309 714 4362 sunt
731 4305 760 4360 Β
858 4305 892 4358 22
911 4305 988 4360 sorde
1005 4306 1033 4359 A
1132 4302 1165 4360 at
1184 4303 1418 4374 ingemescendum

288 4393 336 4448 eccl
353 4387 482 4449 scortea
499 4393 558 4464 cyil.
576 4399 642 4448 mut.
662 4394 694 4448 ico
711 4393 722 4446 i
739 4409 773 4446 m.
787 4393 807 4446 2
823 4392 852 4446 A
953 4397 956 4432 :
