3036 5004
279 388 343 458 106
765 384 924 442 Snlrtnni

276 575 493 644 Rornanorum
508 576 645 644 offendet
667 575 760 642 deum
782 574 860 658 uite,
882 593 955 657 pere
978 574 1011 640 et
1031 571 1218 640 inrneutnee
1236 573 1353 657 pariter
1376 579 1408 638 et

277 681 354 754 nita,
378 679 465 747 salue
488 698 532 758 eo,
556 679 638 762 qued
660 679 756 749 etiem
778 678 864 762 ipsae
879 677 1034 762 quendem
1048 677 1188 744 haereres
1202 678 1407 744 barmrornm

278 781 316 848 de
338 782 471 852 immani
499 782 672 867 magisterii
699 782 858 867 prenitete
888 781 1055 859 fluxerunt,
1090 799 1128 848 ne
1151 780 1280 865 perinde
1309 779 1408 849 etiem

279 885 339 954 hoe
360 890 504 954 nestrum
536 885 656 954 erimen
678 887 735 965 eet,
769 885 851 969 quoe
881 885 991 973 populi
1024 883 1226 953 interorum
1258 883 1409 953 haenenci

280 1007 348 1056 eree
367 992 546 1074 eeeperunt
1213 1047 1215 1054 ,
1433 1006 1449 1049 r

230 1125 270 1192 15
323 1125 402 1194 ΙΙΙΙ.
436 1125 531 1191 Porro
554 1127 659 1190 antem
689 1126 842 1207 qnantum
871 1127 910 1190 nd
942 1121 1212 1191 eennereatinnem
1232 1123 1410 1192 ‘Gothorum

280 1230 337 1294 ent
357 1229 586 1296 Wandalorum
608 1228 754 1311 pertinet,
778 1228 852 1311 quid
874 1230 923 1292 eet
944 1229 977 1292 in
993 1243 1053 1309 qne
1076 1226 1123 1292 eie
1144 1227 1199 1291 ant
1220 1229 1409 1311 praeponere

280 1349 337 1398 nee
358 1333 414 1398 eut
437 1332 534 1398 etiem
555 1349 736 1416 comparere
758 1331 936 1414 possimne?
958 1347 994 1396 ee
1015 1329 1155 1413 primum
1178 1333 1214 1395 nt
1235 1330 1273 1395 <ie
1296 1326 1410 1396 effectu

281 1438 314 1501 et
335 1437 467 1502 caritate
495 1435 607 1514 dicam,
635 1453 728 1518 quem
756 1435 956 1522 praeeipuam
978 1434 1122 1500 dominns
1144 1435 1233 1500 deeet
1254 1452 1319 1500 esse
1341 1433 1410 1498 uir·

281 1541 384 1607 tutem
406 1542 438 1605 et
460 1556 556 1623 quem
578 1555 640 1604 nen
669 1538 771 1604 eolnm
801 1555 857 1622 per
886 1553 992 1603 omnes
1015 1537 1324 1621 scripturientem,
1354 1535 1410 1602 eed
1420 1557 1450 1601 ιο

281 1644 378 1710 etiam
400 1661 455 1727 per
470 1659 504 1708 ee
519 1643 586 1726 ipee
602 1642 801 1708 commendat
821 1641 942 1708 dicens:
965 1641 1004 1709 in
1025 1641 1096 1707 hoe
1117 1639 1287 1720 scietur,
1308 1645 1410 1724 qnod

281 1745 475 1830 discipuli
495 1746 572 1811 mei
594 1745 712 1828 estis,
735 1747 769 1810 ei
790 1760 857 1810 noe
879 1745 1052 1810 innieem
1077 1744 1279 1830 diligatis:
1302 1760 1411 1810 omnes

282 1867 315 1915 ee
336 1849 401 1914 fere
423 1848 556 1928 barbari,
587 1848 641 1932 qni
663 1848 755 1914 mede
780 1851 855 1914 eunt
876 1849 971 1914 uninn
1000 1847 1102 1932 gentis
1124 1851 1157 1913 et
1177 1847 1268 1932 regie,
1298 1849 1410 1912 mutue

233 1950 273 2020 16
282 1953 408 2034 emant,
439 1969 545 2016 omnes
575 1963 672 2035 paene
698 1949 831 2016 Romani
859 1969 894 2017 ee
922 1954 1033 2017 mutue
1062 1953 1301 2034 persequuntur.
1337 1949 1409 2033 quie

282 2053 369 2120 enirn
391 2055 470 2122 einis
492 2072 553 2120 non
575 2054 697 2121 inuidet
720 2055 806 2120 ninii
827 2055 897 2138 quie
917 2055 1044 2138 plenam
1066 2054 1172 2121 nieino
1187 2053 1312 2122 exhibet
1329 2055 1452 2122 neri-1⁵

284 2159 408 2226 tatem?
440 2177 547 2225 omnen
569 2161 682 2243 quippe
703 2177 722 2224 a
743 2177 786 2238 se,
810 2159 869 2224 etei
892 2158 958 2224 lone
978 2177 1041 2227 non
1063 2161 1187 2241 abeunt,
1218 2157 1330 2225 affeetu
1353 2159 1411 2224 nb-

286 2264 370 2342 sunt,
394 2263 455 2328 etei
476 2263 672 2329 habitatione
692 2262 878 2345 iunguntur,
902 2263 1006 2329 mente
1028 2261 1176 2330 disiuncti
1197 2269 1281 2329 eunt.
1318 2263 1412 2348 etque

284 2366 407 2432 utinam
430 2366 499 2451 hoe,
522 2365 598 2433 lieet
618 2366 662 2433 eit
682 2367 855 2452 pessimum
877 2367 1007 2446 melum,
1031 2363 1154 2432 utinam
1176 2367 1260 2432 niues
1281 2369 1411 2432 tentum

286 2472 380 2552 etque
411 2468 525 2536 nieini:
557 2470 709 2536 illudent
738 2469 874 2554 gneius,
909 2471 991 2556 quod
1014 2488 1071 2536 nee
1099 2469 1264 2554 propinqui
1284 2469 1412 2554 quidem

285 2572 528 2656 propinquitatis
560 2574 630 2639 iura
663 2577 859 2640 conseruent.
898 2574 967 2660 quis
996 2573 1080 2638 enim
1110 2592 1142 2638 se
1171 2572 1318 2656 proximis
1344 2573 1452 2638 enierr

284 2675 462 2757 proximum
482 2674 609 2740 reddit?
631 2675 700 2759 quie
720 2675 816 2742 soluit
842 2676 968 2743 ceritati
989 2675 1071 2760 qnod
1087 2695 1120 2741 ee
1134 2675 1277 2761 agnoseit
1298 2675 1411 2743 debere

285 2776 337 2841 uel
370 2774 515 2843 nemini?
547 2778 618 2861 quis
647 2780 697 2844 eet
725 2778 783 2845 hee
812 2779 927 2858 anime,
949 2783 1040 2863 ¹quod
1062 2779 1215 2846 necatur?
1249 2779 1317 2865 quie
1343 2780 1411 2845 tem

286 2878 477 2962 propinquus
507 2880 597 2946 eorde
627 2899 722 2965 qnam
751 2884 917 2966 sanguine,
947 2883 981 2948 in
1003 2901 1062 2966 que
1084 2901 1146 2948 nen
1176 2882 1296 2948 luridus
1318 2883 1410 2950 meli-

286 2981 441 3048 nelentine
463 2983 548 3050 relus
572 2985 669 3068 ardet,
693 2985 782 3052 enine
797 3003 860 3051 nen
874 3003 1000 3052 sensum
1021 2985 1102 3052 liuor
1124 2984 1252 3066 inuasit
1276 2985 1326 3052 eui
1348 3003 1411 3051 non

286 3085 475 3170 prosperitas
506 3087 608 3154 aliene
636 3088 826 3172 supplicium
858 3091 931 3155 eet?
965 3089 1033 3172 quie
1059 3105 1121 3154 nen
1144 3089 1258 3156 benum
1281 3088 1452 3155 alterinsre

284 3191 406 3256 melum
435 3209 529 3257 enum
559 3192 683 3258 eredit?
713 3193 765 3258 eni
786 3193 832 3259 ite
853 3191 969 3258 suffieit
999 3191 1135 3258 felicitae
1157 3210 1228 3272 ene,
1258 3193 1295 3256 nt
1317 3191 1413 3272 etiem

390 3423 420 3479 11
445 3421 505 3479 Ioh.
524 3423 567 3487 13,
585 3423 619 3478 35

340 3641 352 3694 1
372 3638 473 3708 pariter
491 3639 550 3694 nite
567 3637 595 3694 Β
680 3640 697 3693 2
714 3639 771 3708 ipre
789 3641 848 3708 (red
863 3655 884 3695 e.
902 3655 918 3694 e
934 3654 986 3694 ner.
1001 3641 1031 3706 n)
1047 3637 1181 3708 quendem
1199 3638 1300 3693 tnesis
1317 3638 1345 3693 A

286 3725 304 3779 3
321 3725 406 3780 fluxe?
426 3726 485 3793 (rect
504 3725 521 3738 ”
541 3741 576 3780 ere
588 3730 674 3795 parte
691 3741 760 3782 erae.
778 3731 805 3780 et
822 3725 887 3781 adt
905 3739 940 3780 m.
957 3727 978 3780 2
995 3723 1020 3779 it
1036 3724 1064 3779 A
1163 3724 1277 3794 proinde
1295 3725 1413 3781 Reuer-

286 3812 383 3868 eurem
487 3812 520 3866 13
543 3811 612 3866 terre
636 3811 683 3868 att.
701 3820 825 3881 rpmeet.
848 3811 876 3866 A
978 3810 1035 3880 qni]
1058 3821 1126 3879 qno·
1148 3811 1230 3878 (erae.
1253 3815 1284 3865 eet
1305 3809 1365 3865 nid.
1385 3809 1413 3875 d)

286 3899 315 3953 A
405 3895 886 3968 rigiefieefin.em.ree.nrtd.A
984 3895 1265 3953 strument-
1356 3911 1414 3968 per·

287 3987 414 4040 eeenntur
437 3985 465 4040 Β
566 3982 627 4054 quir
644 3983 716 4040 enirn
733 3983 840 4054 plenem
858 3983 885 4037 Β
977 3983 1020 4036 ,21
1045 3981 1160 4036 eeribte
1180 3983 1209 4037 A
1223 4001 1226 4011 ¹
1311 3983 1345 4038 22
1369 3983 1415 4038 nel

286 4071 319 4126 in
335 4072 363 4127 A
380 4085 451 4126 nee.
467 4069 515 4126 red
530 4071 573 4125 ite
589 4074 621 4126 ut
637 4069 729 4126 ariter
746 4067 903 4140 lepi'poeer't
1005 4067 1114 4123 nornine
1135 4069 1163 4122 A
1183 4069 1251 4136 sort.
1274 4074 1345 4126 reete

286 4156 338 4212 hee
354 4161 397 4212 ert
414 4155 442 4211 B
542 4155 614 4227 quie]
633 4169 700 4226 quse
717 4156 745 4211 A
761 4171 784 4211 e.
795 4169 852 4212 rer.
870 4153 880 4210 i
897 4153 966 4213 neti
1068 4155 1104 4210 23
1120 4153 1225 4210 luridus
1241 4159 1274 4211 iet
1291 4156 1346 4210 AB
1363 4157 1415 4211 ta·

287 4243 350 4300 teet
366 4241 509 4297 renem
525 4241 729 4302 neuram
743 4242 858 4308 (linitur
874 4244 947 4311 reli.)
1046 4242 1081 4297 24
1098 4241 1247 4313 enitenine
1264 4243 1292 4296 A
1310 4244 1416 4311 (ortem

288 4344 323 4385 ex
340 4328 460 4384 anteced.
478 4327 565 4397 enine)
668 4329 702 4384 26
719 4329 760 4400 nt]
779 4332 827 4384 ent
842 4335 938 4398 punct.
955 4343 972 4384 e
988 4329 1016 4383 A
