2972 5000
273 410 316 476 20
639 423 642 430 ¹
760 402 914 458 Saluitoni

223 644 226 656 ‚
273 601 396 665 deserto
415 596 536 679 positus
557 613 683 680 gregem
704 595 824 677 pascit,
852 592 965 660 rubum
988 595 1095 660 ardere
1119 592 1282 676 conspicit,
1306 591 1401 661 deum

274 721 310 767 ex
330 703 406 767 rubo
424 698 521 778 audit,
544 698 706 781 praecepta
720 697 844 782 accipit,
867 697 1024 778 potestate
1038 697 1201 775 exaltatur,
1226 698 1265 762 ad
1279 695 1401 766 Phara·

274 823 377 870 onem*
391 804 546 887 mittitur,
576 803 664 868 uerit
690 803 830 884 loquitur
859 800 1071 868 contemnitur
1093 801 1199 872 uincit
1237 803 1401 885 Aegyptus

273 907 455 992 percutitur,
479 905 655 972 Pharaonis
673 905 901 971 inoboedientia
927 905 1111 971 uerberatur
1134 908 1166 970 et
1188 904 1315 988 quidem
1337 921 1401 970 uon

273 1029 334 1076 uno
365 1010 465 1090 modo,
479 1040 483 1046 ·
499 1009 619 1079 scilicet
646 995 775 1091 utplus
797 1008 967 1093 sacrilegus
1001 1009 1184 1092 torqueatur
1216 1007 1402 1078 diuersitate
1427 1033 1443 1074 ⁵

273 1113 427 1196 supplicii.
459 1115 490 1178 et
512 1113 592 1196 quid,
609 1114 790 1195 postremo?
812 1111 915 1178 decies
937 1111 1069 1178 rebellat
1085 1112 1188 1178 decies
1204 1113 1401 1180 uerberatur.

273 1217 348 1300 quid
371 1233 444 1300 ergo
458 1215 624 1296 dicimus?
656 1217 738 1300 puto?
759 1217 841 1299 quod
863 1217 897 1281 in
918 1215 1137 1282 his'omnibns
1160 1218 1192 1282 et
1214 1233 1401 1298 eurarepa·

273 1322 364 1386 riter'
378 1321 427 1385 re'e
458 1320 610 1386 humanas
640 1322 733 1386 deum
756 1324 789 1385 et
818 1319 953 1385 iudicare
984 1325 1161 1404 cognoscas.
1199 1321 1232 1383 in
1255 1321 1402 1404 Aegypto

273 1424 387 1506 quippe
417 1425 493 1488 tuno
512 1423 604 1488 enim
627 1441 690 1490 non
712 1423 844 1506 simplex
866 1423 1068 1490 tentumeed
1088 1424 1256 1506 multiplex
1279 1424 1401 1490 constat

273 1529 322 1593 dei
337 1527 434 1592 trisse
450 1527 599 1593 indicium
607 1549 615 1608 5
635 1527 912 1610 quotienscumque
927 1528 1011 1592 enim
1025 1527 1213 1594 rebellantes
1229 1528 1401 1611 Aegyptios
1412 1553 1442 1593 ro

222 1636 260 1702 41
273 1631 426 1716 percussit
453 1633 568 1696 totiens
598 1630 759 1696 iudicauit.
794 1631 848 1695 sed
869 1632 940 1713 post
961 1629 1034 1709 ista,
1057 1649 1135 1713 quae
1158 1631 1301 1709 diximus,
1325 1630 1402 1712 qnid

273 1738 415 1802 secutum
446 1736 517 1800 est?
550 1734 669 1800 Israhel
699 1733 879 1815 dimittitur,
909 1734 1024 1816 pascha
1046 1733 1201 1799 celebrato
1224 1734 1400 1818 Aegyptios

273 1839 394 1925 spoliat,
424 1836 510 1903 diues
538 1838 687 1904 abscedit.
726 1838 921 1905 Pharaonem
951 1839 1101 1920 paenitet,
1134 1837 1304 1903 exercitum
1327 1856 1401 1903 con·

273 1944 384 2023 trahit,
409 1943 447 2008 ad
469 1942 626 2027 fugientes
648 1943 801 2026 peruenit,
831 1943 942 2010 castris
964 1943 1116 2028 iungitur,
1149 1942 1288 2008 tenebris
1310 1959 1401 2025 sepa-

273 2051 368 2126 ratur,
389 2046 538 2113 siccatur
565 2047 705 2131 pelagus,
740 2046 860 2112 Israhel
893 2046 1045 2130 graditur,
1080 2045 1215 2112 officiosa
1245 2046 1441 2112 undarumre

273 2151 428 2235 patientia
449 2149 611 2218 liberatur.
647 2151 769 2216 Pharao
792 2151 942 2234 sequitur,
974 2169 1059 2216 mare
1083 2169 1179 2233 super
1201 2169 1273 2216 eum
1294 2149 1401 2214 reuol-

269 2256 369 2335 nitur,
402 2254 502 2326 fluctu
534 2253 694 2335 operiente
728 2253 858 2319 deletur.
895 2254 971 2336 puto
998 2253 1063 2318 iam
1094 2271 1156 2318 non
1178 2253 1344 2319 obscurum
1367 2254 1401 2318 in

273 2360 321 2424 his
344 2374 423 2440 quae
445 2357 517 2421 aeta
539 2359 613 2422 sunt
628 2356 678 2421 dei
694 2374 759 2422 esee
780 2355 944 2435 iudioinm,
969 2360 1000 2421 et
1023 2357 1150 2438 quidem
1171 2375 1233 2423 non
1246 2356 1402 2438 ,iudicium

273 2464 399 2528 tantum
422 2462 475 2525 sed
499 2459 596 2525 etiam
619 2458 866 2525 moderationem
890 2461 982 2542 atque
1004 2460 1208 2544 patientiam:
1230 2459 1401 2543 patientiae

254 2565 356 2630 enim
385 2562 445 2627 fuit
474 2564 554 2645 quod
578 2560 728 2644 Aegyptii
751 2562 939 2629 rebellantes
957 2580 1052 2646 saepe
1073 2562 1211 2644 percussi
1233 2567 1325 2641 eunt,
1349 2563 1440 2628 ineo

221 2667 264 2732 42
273 2665 347 2732 dieii
369 2667 450 2748 qnod
473 2664 685 2730 contumaciae
707 2665 880 2749 pertinaces
903 2666 1002 2730 morte
1024 2664 1174 2732 damnati.
1208 2665 1306 2750 igitur
1327 2668 1398 2748 post

271 2771 356 2836 hune
377 2786 482 2833 rerum
504 2770 663 2850 gestarum
686 2767 824 2833 ordinem
839 2766 1014 2850 ingreditur
1028 2769 1189 2834 heremum
1203 2768 1317 2834 uictrix
1331 2767 1402 2832 sine

273 2874 462 2957 bedegene
484 2873 706 2939 Hebraeorum.
745 2871 813 2955 agit
846 2870 908 2936 iter
934 2871 999 2937 sine
1028 2873 1159 2953 itinere,
1193 2874 1309 2940 uictrix
1331 2873 1401 2938 sine

273 2976 336 3055 uia,
359 2977 485 3059 praeuio
508 2978 575 3055 deo,
599 2975 706 3042 diuino
728 2974 913 3042 commilitio
935 2975 1135 3054 honorabilis,
1160 2977 1255 3042 ductu
1271 2977 1400 3042 caelesti

274 3081 398 3166 potens,
432 3098 562 3162 sequens
596 3079 742 3144 mobilem
773 3078 966 3158 columnam,
1002 3079 1145 3145 nubilam
1176 3080 1241 3158 die,
1276 3080 1402 3162 igneam
1412 3104 1440 3147 re

273 3188 372 3264 nocte,
397 3201 547 3268 congrues
570 3183 707 3248 colorum
730 3180 930 3247 diuersitates
953 3199 1008 3264 pro
1023 3183 1199 3264 temporum
1214 3185 1401 3249 diuersitate

274 3289 463 3366 sumentem,
493 3285 613 3352 scilicet
635 3286 671 3350 ut
693 3288 724 3351 et
747 3284 808 3349 diei
838 3284 942 3350 lucem
963 3283 1049 3348 lutea
1075 3283 1265 3351 obscuritate
1287 3285 1402 3352 distin·
1474 3299 1476 3302 ·

274 3391 383 3474 gueret
405 3391 437 3454 et
459 3389 625 3473 caliginem
641 3388 740 3454 noctis
755 3387 899 3453 flammeo
915 3386 1078 3469 splendore
1093 3387 1237 3454 claritate
1252 3390 1400 3457 radiaret.

327 3685 477 3742 lrubeum
505 3687 532 3739 A
635 3686 780 3754 haccepit
805 3686 833 3739 A
935 3685 1174 3756 3contempnitur
1188 3667 1248 3743 'AB
1263 3690 1323 3756 scre
1340 3692 1402 3747 abi·

274 3799 325 3854 poce
432 3782 449 3836 9
476 3781 546 3835 enim
573 3781 675 3836 deleuit
700 3781 918 3836 thterehueu'ue:
945 3780 1012 3847 fort.
1039 3789 1124 3848 recte,
1147 3785 1313 3863 praesertim
1339 3801 1402 3840 curn

274 3879 405 3957 facillime
422 3876 509 3944 repeti
523 3881 614 3944 poscet
631 3891 665 3930 coc
681 3875 775 3930 statim
792 3891 845 3946 seq.
871 3876 996 3946 quotiens
1014 3893 1125 3948 cumque
1144 3879 1228 3947 enim;
1256 3879 1292 3946 cf.
1310 3894 1402 3948 supra

274 3973 311 4028 orl
332 3977 356 4035 ἕ.
373 3975 409 4026 38
513 3969 547 4024 10
572 3969 805 4039 quotienscumque
827 3977 853 4026 et
875 3971 973 4025 totiens
998 3971 1025 4025 A
1050 3973 1118 4041 (coa
1136 3973 1354 4048 quotiescumque
1374 3981 1402 4030 et

274 4066 356 4122 toties
373 4072 406 4121 at
422 4065 552 4120 Halmius
569 4063 664 4132 refert)
683 4069 708 4120 et
725 4065 751 4118 B
847 4065 879 4119 12
897 4069 1037 4136 sequutum
1055 4068 1081 4121 A
1176 4070 1279 4126 Israhel
1296 4046 1324 4126 A
1340 4073 1401 4140 fere

273 4162 380 4231 abique,
399 4163 470 4217 alios
488 4160 538 4216 isrl
554 4165 587 4216 ut
605 4161 633 4214 B
727 4175 807 4229 pusca
830 4161 949 4216 celebrat
971 4164 999 4218 B
1103 4165 1135 4218 16
1158 4165 1280 4220 uoluitur
1302 4167 1331 4221 B

274 4256 308 4310 20
325 4256 456 4324 percussit
472 4255 566 4311 indicii
584 4257 645 4324 (om.
664 4257 738 4322 eunt)
757 4255 785 4309 B
878 4257 912 4310 22
922 4257 1001 4312 hunc
1018 4274 1082 4314 coe:
1109 4259 1179 4313 hanc
1196 4260 1252 4313 AB
1269 4260 1401 4316 Halmius

275 4355 335 4416 (ora.
351 4351 420 4418 Ttv)
508 4351 542 4405 23
553 4351 711 4405 hebreorum
724 4349 779 4404 AB
865 4351 900 4406 24
911 4352 1045 4407 comelitio
1059 4353 1118 4422 (sic)
1131 4356 1158 4408 A
1176 4353 1330 4408 &milicioB
