3036 5004
287 400 350 468 140
768 395 925 451 Saluiani

281 604 402 670 quoque
423 603 490 651 esse
518 583 635 662 uitiosi,
665 601 721 651 nos
750 584 877 650 tantum
898 601 1015 650 nouum
1037 603 1135 669 genus
1157 585 1347 668 pupillorum
1369 602 1406 650 aa

280 690 474 774 perditorum
489 706 607 767 sumus,
630 688 664 752 in
679 687 793 770 quibus
809 687 969 770 opulentia
984 705 1058 754 essa
1067 687 1172 766 desiit,
1196 687 1250 754 sed
1264 686 1407 770 nequitia

281 794 437 877 perdurat.
476 795 552 858 adeo
573 809 629 857 nos
653 809 714 856 non
737 792 774 856 ut
796 789 851 856 alii
871 789 1011 856 homines
1034 809 1142 857 musas
1158 790 1407 872 corruptelarum

280 895 316 960 in
342 896 515 976 inlecebris,
550 895 604 961 sed
634 894 667 960 in
697 893 839 959 cordibus
866 892 1026 973 habemns,
1058 896 1090 958 et
1117 892 1273 960 uitiositas
1302 893 1408 966 nostra

282 1011 369 1064 mens
398 999 502 1066 nostra
529 999 587 1077 est,
615 1001 652 1062 ut
674 997 714 1062 ad
736 996 944 1062 emendandos
971 1013 1027 1062 nos
1056 1012 1117 1062 non
1139 995 1327 1066 facultatum
1350 997 1405 1062 ab·
1432 1016 1446 1058 s

282 1101 396 1167 latione
415 1135 430 1168 r
450 1103 504 1167 sed
526 1102 680 1167 molarum
702 1117 806 1164 rerum
828 1115 933 1164 amore
954 1117 1082 1180 peceare
1104 1097 1313 1184 (pergamus).

229 1226 273 1292 53
324 1221 361 1286 X:
393 1221 517 1303 Quanta
546 1224 650 1286 antam
679 1221 757 1285 uitia
785 1220 997 1286 Romanorum
1020 1219 1093 1299 sint,
1123 1219 1234 1302 quibus
1257 1218 1407 1285 barbarae

281 1327 392 1408 gentes
415 1345 476 1391 non
503 1323 718 1407 inquinantur,
747 1322 822 1387 lieet
851 1322 1003 1387 haetenus
1027 1323 1103 1387 satis
1126 1323 1268 1402 dixerim,
1293 1323 1407 1389 addam

281 1431 389 1494 tamen
422 1429 523 1494 multa
555 1445 632 1511 qnae
667 1427 787 1492 desunt.
825 1425 879 1490 sed
911 1424 991 1491 illud
1019 1425 1168 1492 admoneo
1197 1427 1304 1490 terum
1334 1428 1409 1490 ante

282 1548 376 1612 quam
405 1529 482 1610 diuo,
512 1550 550 1596 ns
579 1529 679 1594 ullum
708 1528 832 1612 penitus
862 1527 971 1611 eulpae
999 1545 1106 1611 genus,
1130 1528 1211 1611 quod
1233 1529 1272 1593 ad
1295 1527 1447 1594 eante-ro

281 1633 408 1698 meliam
431 1633 482 1698 dei
503 1635 647 1718 pertinet,
673 1633 819 1716 uniquam
840 1633 910 1696 leue
933 1649 1000 1696 esse
1023 1631 1173 1698 uideatur.
1205 1633 1335 1697 sienim
1357 1633 1407 1696 in·

281 1735 414 1801 lustrem
438 1754 473 1802 ae
495 1738 726 1819 praepotentem
749 1735 852 1801 uirum
875 1752 1069 1818 nequaquam
1093 1734 1308 1800 exhonorarie
1330 1752 1408 1816 quo·

282 1855 376 1919 qnam
404 1838 480 1904 licet
508 1841 550 1922 et,
580 1841 608 1904 si
637 1841 801 1922 quisquam
824 1838 1068 1917 exhonorarunt,
1098 1839 1229 1904 deoretis
1252 1837 1407 1922 legalibus

281 1957 352 2004 reus
375 1939 499 2006 sistitur
521 1946 551 2006 et
566 1942 750 2007 iniuriarum
766 1943 873 2006 auetor
887 1941 954 2005 iure
970 1927 1143 2020 damnatur,
1168 1944 1282 2023 quanto
1298 1941 1408 2023 utique

282 2043 409 2106 maioris
442 2043 559 2126 piaouli
592 2045 709 2110 orimon
741 2048 787 2110 est
816 2042 1002 2110 iniuriosum
1032 2043 1210 2126 quempiam
1239 2043 1296 2108 deo
1319 2047 1446 2111 essedis

282 2163 402 2227 semper
425 2147 508 2212 enim
531 2167 584 2230 per
607 2147 796 2230 dignitatem
818 2145 967 2212 iniuriam
990 2145 1173 2230 perferentis
1187 2147 1298 2211 oresoit
1314 2147 1409 2227 eulpa

283 2249 435 2326 sarientis,
460 2251 532 2331 quia
555 2268 679 2315 neeesse
701 2251 759 2323 est,
783 2251 899 2331 quanto
921 2249 1020 2314 maior
1036 2252 1084 2314 est
1106 2249 1329 2332 perrenesius,
1353 2249 1409 2331 qui

232 2353 274 2420 54
284 2353 506 2418 contumeliam
527 2353 657 2435 patitur,
681 2354 770 2418 tanto
792 2352 890 2416 maior
912 2351 955 2416 sit
977 2369 1055 2417 noxa
1077 2352 1151 2431 eius,
1176 2351 1229 2435 qui
1251 2349 1338 2418 fauit.
1377 2354 1411 2418 et

278 2455 355 2520 hino
382 2458 429 2520 est
452 2455 533 2538 quod
560 2455 693 2540 legimus
715 2459 748 2520 in
771 2455 850 2538 lege,
881 2455 977 2520 etiam
1000 2472 1062 2536 eos,
1092 2455 1147 2538 qui
1169 2455 1315 2520 uidentur
1336 2474 1409 2521 oon-

282 2561 334 2622 tra
361 2560 545 2624 mandatum
575 2576 698 2622 eaerum
726 2557 809 2624 leuia
837 2556 956 2635 fauisse,
986 2557 1183 2622 seuerissime
1210 2560 1317 2623 tamen
1340 2575 1447 2629 assero

282 2661 421 2743 punitos:
455 2662 493 2725 ut
521 2661 772 2744 intellegeremus
805 2660 922 2726 soilieet
955 2661 1035 2725 nihil
1063 2663 1103 2726 ad
1134 2663 1226 2726 deum
1248 2665 1409 2745 pertinens

282 2764 354 2828 leue
376 2781 440 2827 esse
464 2764 650 2842 ducendum,
674 2765 747 2846 quia
770 2765 865 2830 etiam
881 2765 962 2846 quod
984 2764 1148 2830 uidebatur
1172 2765 1317 2850 exiguum
1340 2785 1409 2832 esse

283 2865 390 2947 eulpa,
418 2869 535 2949 grande
564 2867 623 2932 hoo
651 2867 788 2933 iaciebat
818 2867 995 2935 diuinitatis
1023 2868 1146 2934 iniuria.
1185 2869 1316 2952 denique
1344 2870 1410 2936 Oua

282 2969 336 3034 ille
368 2967 481 3033 leuitea
511 2970 560 3034 dei
590 2971 664 3053 quid
695 2975 800 3036 eontra
832 2973 1017 3038 mandatum
1046 2972 1177 3037 oaelests
1205 2973 1290 3049 feeit,
1325 2975 1409 3055 quod

387 3156 418 3210 19
436 3155 517 3210 Exod.
535 3155 567 3213 31
604 3157 683 3210 Num.
703 3157 738 3212 20
839 3158 873 3212 23
891 3157 921 3213 II
939 3158 1003 3226 Rag.
1021 3159 1038 3212 6

334 3325 350 3378 3
368 3327 574 3394 coruptellarum
593 3327 642 3381 adt.
655 3327 664 3379 l
673 3333 769 3396 puuat.
789 3329 813 3380 A
905 3329 922 3382 5
936 3335 1000 3397 post
1018 3328 1152 3382 ablatione
1169 3331 1277 3398 siguum
1289 3329 1409 3386 lacunae

278 3411 372 3478 posuit
393 3411 524 3466 Halmius
547 3413 616 3466 ‘aum
640 3414 754 3467 uerbum
778 3411 892 3482 aliquod
916 3415 1004 3476 (uelut
1024 3418 1222 3480 conuertamur‚
1246 3413 1409 3470 deducamur

282 3499 344 3566 ete.)
364 3498 453 3552 deesse
471 3501 614 3568 appareat
632 3505 658 3553 et
675 3516 788 3568 sequeus
807 3516 943 3568 peccamus
961 3501 1077 3554 retinuit
1091 3516 1126 3553 ea
1137 3501 1201 3565 AB,
1220 3500 1254 3554 de
1271 3517 1409 3570 peooemus

283 3584 367 3652 (Tto)
386 3599 512 3640 maurus:
530 3587 586 3638 ‘troo
603 3587 749 3640 membrum
767 3587 801 3640 ab
820 3589 850 3638 ut
865 3586 987 3655 paudere
1000 3603 1057 3641 aare
1070 3602 1151 3656 posse
1169 3587 1346 3653 manifestum
1364 3589 1409 3641 ui-

282 3670 386 3738 detur’‚·
410 3685 460 3724 uos
476 3671 508 3724 iu
526 3669 675 3726 Sita-Ber.
689 3688 720 3740 p.
740 3675 775 3724 10
796 3677 857 3739 post
880 3671 1015 3726 ablatione
1039 3672 1169 3726 auiduse
1186 3673 1333 3726 statuimus
1350 3688 1409 3726 mo-

282 3771 391 3809 neamur
407 3761 434 3810 et
447 3771 502 3825 pro
525 3772 664 3826 pereamus
687 3757 861 3811 scribendum
886 3773 940 3812 esse
964 3773 1069 3825 peecare
1087 3773 1241 3827 pergamum
1267 3773 1331 3812 uam
1348 3773 1409 3826 per·

281 3840 362 3909 gendi
380 3841 518 3895 uotiouem
541 3842 693 3896 desiderari
710 3859 761 3897 uea
778 3842 868 3897 deesse
882 3859 963 3911 posse
981 3843 1065 3898 totius
1082 3843 1133 3898 daei
1150 3844 1223 3897 ratio
1237 3844 1340 3912 probat
1359 3843 1407 3911 (ef.

281 3943 349 3995 quae
363 3928 550 3996 praecedeuti:
576 3927 899 3982 destiterint-desinant
923 3933 948 3983 et
972 3930 1110 3998 opulentia
1127 3945 1182 3983 esse
1199 3929 1280 3983 desiit
1298 3929 1343 3983 sed
1360 3945 1408 3982 ne·

280 4012 369 4082 quitis
390 4012 526 4081 perdurat)
628 4013 646 4066 8
668 4013 874 4082 coinquinantm
897 4013 925 4067 B
1026 4015 1042 4067 9
1064 4015 1152 4069 desint
1176 4015 1203 4068 B
1307 4015 1340 4069 14
1363 4031 1408 4069 ex-

281 4097 388 4150 sistitur
406 4097 433 4151 Β
538 4098 570 4151 16
587 4097 744 4166 perferentis
762 4113 796 4152 eoo
815 4101 869 4152 ·tes
888 4100 915 4151 A
933 4114 1003 4156 cerr.
1020 4116 1054 4152 m.
1072 4101 1092 4153 2
1194 4101 1227 4155 18
1249 4101 1295 4170 sit]
1319 4101 1360 4154 est
1378 4102 1409 4155 A

281 4219 346 4284 fort.
365 4219 398 4272 iu
416 4220 562 4288 arotagpo
579 4218 605 4271 A
624 4218 680 4274 eod.
698 4218 757 4284 suit
779 4185 817 4272 s⁹i⁸t
840 4219 915 4274 uude
931 4220 1015 4286 fusile
1031 4220 1112 4288 piabat
1130 4225 1170 4274 est
1185 4237 1237 4289 pro
1256 4223 1292 4274 sit
1310 4226 1338 4274 et

280 4303 315 4356 22
332 4304 451 4373 arigium
468 4320 489 4358 s.
507 4305 537 4373 gi
554 4319 605 4360 scr.
623 4321 657 4359 m.
675 4309 693 4360 2
711 4323 730 4358 u
747 4306 774 4358 A
