2972 5000
357 429 395 483 de
413 427 546 498 gubern.
564 429 618 484 dei
641 429 686 486 111
702 434 718 494 t
736 429 847 488 17-23.
1118 432 1163 502 49

67 620 123 696 nint,
149 619 183 682 ut
203 617 275 682 solu
296 616 326 684 ei
346 617 624 687 immaculutouum
645 621 774 686 actuum
795 618 934 702 puritute
956 622 988 686 ot
1009 619 1093 686 uitus
1114 621 1163 686 in·

67 719 287 786 munimentis
297 721 470 786 ructuare
484 722 677 804 placeamus.
693 741 754 805 quo
768 723 841 806 plus
855 724 884 790 ei
898 723 975 789 tides
990 723 1023 788 et
1038 722 1163 790 deuotio
1172 722 1218 796 tn

66 825 144 890 note
161 824 267 906 debet,
289 823 365 906 quis
379 824 507 895 ,minore
528 843 548 892 e
568 825 659 892 notis
682 825 781 911 exigit
801 827 835 892 et
856 826 976 894 maiore
998 828 1162 894 concessit.

66 926 164 994 etitse
191 945 265 994 curn
293 929 326 993 et
353 929 506 1011 principes
529 927 699 996 Christiani
721 929 787 996 sint
809 933 841 996 et
873 929 1047 1012 persecutio
1074 928 1166 996 nullu

53 1031 93 1094 rsit
108 1033 134 1094 ot
152 1031 261 1116 religio
286 1048 348 1096 uon
369 1030 573 1114 inquietetur,
596 1035 650 1116 qui
665 1033 915 1115 adprobandum
932 1033 1027 1101 item
1048 1035 1165 1116 experi-

66 1133 150 1198 nentis
170 1135 350 1202 eusenius
371 1153 436 1201 non
458 1136 676 1220 compellimur
698 1136 898 1204 inferioribus
918 1137 1027 1204 saltim
1053 1135 1163 1203 officiis

66 1235 157 1302 ionium
177 1238 250 1320 plus
274 1238 395 1321 pleoore
411 1239 571 1306 debemus.
592 1241 705 1324 protct
719 1241 805 1307 enirn
821 1241 916 1306 etium
935 1241 970 1307 in
984 1241 1163 1318 munitus,

66 1340 86 1404 si
101 1361 136 1406 ros
156 1342 271 1425 exigat,
294 1343 505 1410 exsecutorem
522 1362 556 1410 se
570 1343 718 1411 idoneum
733 1345 808 1426 iore,
830 1363 852 1410 c
865 1363 925 1428 quo
940 1345 1062 1412 minore
1077 1361 1164 1410 oom-

66 1443 116 1524 plon
160 1495 168 1510 .

50 1587 62 1625 o
93 1565 347 1634 trunitanus
371 1585 444 1652 ergo
464 1567 531 1647 illu,
554 1585 633 1649 quse
656 1565 856 1634 beatissimus
876 1565 995 1632 Penius
1021 1562 1216 1648 pertulittt

67 1667 133 1732 inno
158 1690 237 1753 quae
266 1669 422 1735 inlibris
454 1675 566 1752 posteo
592 1669 631 1735 de
663 1669 813 1754 religione
845 1668 1028 1752 conscriptis
1056 1683 1163 1732 omnes

68 1773 199 1840 mnodum
215 1773 410 1840 Christiunos
426 1773 561 1858 legimus
575 1773 755 1856 pertulisse,
777 1772 832 1855 qui
846 1772 886 1837 sd
902 1772 1044 1837 coelestis
1059 1770 1163 1852 regiae
1215 1815 1218 1826 .

67 1874 161 1940 inunum
187 1877 339 1958 gradibus
372 1895 541 1960 poenarum
575 1894 700 1942 suarum
721 1877 936 1943 emeremus
967 1873 1067 1940 scelus
1098 1872 1161 1939 sibi

68 1980 261 2058 eodemmodo
284 1982 322 2045 de
345 1979 458 2045 eculeis
482 1980 673 2062 catastisque
696 1979 846 2044 fecerunt.
879 1980 1058 2055 uideamus,
1080 1977 1163 2041 siin

32 2071 109 2145 foilis
127 2083 227 2148 saltim
250 2083 416 2167 religiosae
439 2082 613 2172 deuotionis
635 2081 804 2164 obsequiis,
828 2099 906 2164 quoe
928 2082 1048 2148 minore
1070 2082 1164 2161 etque
1241 2111 1244 2120 .

68 2185 207 2251 eommunia
229 2187 265 2251 in
289 2205 412 2252 summe
433 2189 537 2270 quiete
560 2191 592 2252 et
614 2183 699 2252 omni
715 2187 853 2271 tempore
867 2204 975 2252 omnes
990 2183 1161 2250 Christiani

69 2285 125 2352 obire
150 2309 332 2372 possumus,
359 2289 534 2372 praeceptis
564 2289 731 2355 dominicis
753 2283 939 2374 respondere
960 2291 1162 2369 temptemus.

68 2391 125 2456 iulet
144 2392 290 2459 Christus
320 2411 359 2458 ne
388 2394 561 2475 litigemus.
606 2394 674 2477 quis
703 2391 825 2459 iubenti
852 2390 1071 2474 obtemperat?
1106 2407 1162 2454 neo

69 2494 138 2560 solun
162 2497 250 2562 iubet
285 2498 338 2562 sed
370 2495 403 2561 in
431 2498 555 2562 tantum
585 2496 643 2562 hoo
668 2497 773 2580 iubet,
802 2499 838 2560 ut
868 2494 1164 2579 seipsumque

53 2599 148 2676 equibus
168 2601 206 2664 lis
230 2601 297 2678 est,
326 2601 497 2682 relinquere
521 2600 642 2679 iubeat,
672 2599 838 2666 dummodo
864 2598 976 2663 litibus
1003 2611 1162 2662 eruemur.

70 2699 176 2783 siquis
198 2705 319 2782 enim,
341 2703 460 2785 inquit,
489 2701 668 2768 uoluerit
689 2710 819 2767 tecum
841 2703 882 2766 in
902 2693 1058 2766 iudicio?
1074 2716 1163 2764 con·

69 2803 196 2872 tendere
227 2809 266 2871 et
294 2807 471 2870 tunicam
504 2806 612 2869 tuem
646 2804 811 2884 tollere,
845 2801 1029 2885 relinque
1061 2803 1097 2867 ci
1125 2803 1164 2865 et

69 2908 209 2985 pellium.
226 2909 385 2992 interrogo
397 2908 451 2990 qui
463 2909 538 2987 sint,
555 2910 608 2991 qui
622 2907 830 2990 spoliantibus
841 2905 1025 2975 aduersariis
1040 2903 1219 2983 onerose

34 3015 35 3068 3
69 3008 135 3076 inno
154 3015 205 3095 qui
228 3013 311 3094 sint,
341 3012 394 3094 qui
422 3011 620 3076 aduersarios
650 3027 721 3076 suos
745 3028 811 3074 nou
831 3009 965 3092 spoliare
992 3011 1163 3073 conentur?

54 3113 112 3176 oen
130 3115 233 3196 procul
255 3114 341 3180 enim
363 3113 451 3180 obest
472 3117 509 3178 ut
532 3133 604 3179 cum
619 3113 734 3178 tunicis
750 3113 846 3178 etiem
862 3113 925 3180 aliu
938 3111 1160 3192 relinquemus,

35 3271 36 3278 ,
69 3216 102 3291 ut,
123 3218 145 3281 si
169 3238 230 3302 quo
258 3220 349 3283 modo
376 3235 543 3300 possumus
571 3216 702 3300 pallium
731 3216 827 3281 simul
844 3214 1046 3281 tuduerseriis
1076 3213 1161 3278 tuui-

35 3281 36 3328 ¹
69 3332 147 3400 osque
166 3323 326 3390 tollemus.
355 3325 421 3387 tem
444 3323 554 3388 deuote
577 3321 660 3386 enirn
682 3319 840 3388 mundetis
857 3319 1021 3384 <lominicis
1035 3317 1162 3384 oboedi-

140 3542 170 3596 21
187 3542 287 3597 Matth.
304 3544 331 3608 5,
348 3542 383 3597 40

102 3744 289 3813 iprobandum
306 3749 334 3802 B
431 3749 448 3802 6
467 3749 559 3804 cultim
577 3748 605 3801 A
621 3752 685 3802 m.1
712 3748 807 3802 saltem
824 3747 892 3801 m.‘2
987 3745 1003 3798 7
1021 3746 1092 3800 enirn
1110 3761 1162 3800 om.

70 3824 86 3878 Β
97 3839 151 3888 m.1
245 3833 428 3889 immaioribus
451 3835 479 3889 A
507 3850 523 3888 e
541 3834 686 3888 maioribus
710 3834 737 3888 B
840 3833 857 3887 8
881 3834 1058 3886 emeoutorem
1080 3845 1107 3882 se
1126 3846 1163 3885 eor

71 3921 212 3976 secuntum
230 3921 259 3976 Si
275 3922 304 3976 A
322 3936 391 3979 corr.
410 3925 478 3978 otcae‘l
579 3921 613 3977 =11
631 3935 726 3978 omnes*
740 3936 774 3976 cc
789 3919 880 3976 omnis
892 3917 922 3975 A
939 3930 1010 3974 cors.
1026 3933 1063 3972 oe
1077 3920 1093 3973 1

71 3995 92 4050 14
102 4005 254 4075 costisque,
268 4007 296 4060 Β
313 4012 339 4062 et
350 4023 386 4064 erc
401 4007 590 4076 castitatisque
607 4020 677 4062 corr.
692 4021 729 4072 qe
743 4008 764 4061 2
780 4005 808 4073 A
900 4003 933 4060 15
951 4001 1042 4060 settim
1060 4001 1162 4056 term

71 4081 178 4146 tumn
188 4093 258 4148 muk
269 4098 336 4150 mut.
348 4093 377 4150 A
387 4109 423 4148 m,
435 4097 453 4148 2
537 4093 573 4148 17
585 4091 708 4151 oboedire
720 4091 748 4145 A
770 4089 872 4167 otooire
883 4089 911 4147 B
934 4086 1008 4143 obire
1025 4103 1042 4142 o
1059 4088 1093 4142 in
1103 4103 1161 4142 rue.

71 4178 146 4242 totto,
160 4185 196 4252 ut·
208 4179 328 4245 stow,
344 4179 503 4254 Maurum
520 4195 606 4254 crocu
622 4177 785 4240 Brassicaoi
881 4175 915 4230 21
932 4173 1048 4230 uoluerit
1065 4173 1093 4226 B

72 4270 145 4335 uon.
165 4282 192 4338 B
294 4283 329 4338 23
351 4283 465 4353 pellium
490 4299 525 4340 sc
547 4283 664 4352 pelleum
685 4286 715 4338 A
734 4296 805 4338 corr.
821 4281 895 4336 m.2
996 4276 1032 4335 24
1048 4257 1067 4346 ᾖ
1084 4281 1164 4344 (octe

73 4359 214 4439 tumarice)
229 4371 259 4425 A
276 4385 297 4427 o.
317 4370 336 4426 l.
354 4387 389 4426 m.
406 4373 429 4425 2*
530 4369 563 4426 27
581 4368 738 4427 otomanus
755 4367 783 4424 B

105 4466 168 4526 tin.
1039 4467 1058 4520 4
