3068 5012
464 435 502 488 od
520 435 698 490 ecclesiam
720 435 736 490 Ι
754 441 769 500 5
787 435 898 490 49-55.
1181 438 1242 503 241

119 629 251 706 placent.
288 643 346 690 roo
374 626 457 691 enirn
486 625 610 691 animus
633 623 739 691 dantis
767 625 850 691 datis
879 627 933 690 sed
962 627 1065 691 animo
1090 641 1246 694 common·

119 731 232 794 dantur
253 728 337 806 data,
365 748 422 795 nec
449 732 583 812 pecoma
604 729 697 794 fidem
720 729 862 794 insinuat
889 731 944 796 sed
972 733 1137 812 pecuniam
1158 732 1247 798 fides.

119 849 153 896 ao
174 851 230 915 per
258 832 318 899 hoo
347 834 400 916 qui
428 835 574 917 prodesse
604 833 665 898 sibi
688 834 760 898 uult
783 853 862 916 qnae
886 833 943 899 deo
966 835 1056 900 offert
1077 834 1135 900 hoo
1157 837 1247 902 modo

118 935 236 1002 offerat.
273 955 374 1018 neque
396 937 479 1002 eninr
502 937 594 1001 homo
617 938 673 1003 deo
696 940 836 1020 praestat
855 937 1043 1004 beneficium
1057 939 1090 1004 in
1106 939 1154 1006 his
1170 959 1248 1024 quae

99 1039 247 1120 odederit
281 1043 336 1106 sod
369 1041 443 1106 deus
464 1041 500 1105 in
522 1041 571 1106 his
600 1042 720 1106 homini
749 1059 826 1123 quae
855 1043 1017 1124 acceperit,
1052 1046 1126 1126 quia
1151 1045 1249 1110 etiam

119 1144 199 1226 quod
229 1145 321 1210 homo
351 1145 447 1212 habet
475 1146 526 1211 dei
548 1164 583 1211 ac
610 1146 728 1211 domini
751 1147 800 1212 sui
821 1165 936 1211 munus
959 1150 1018 1214 eet.
1056 1166 1092 1213 ac
1113 1167 1168 1232 per
1189 1149 1249 1213 hoc

117 1249 150 1314 in
179 1248 240 1329 his,
270 1266 349 1332 quae
378 1249 552 1315 offeruntur
581 1249 620 1316 ab
651 1249 787 1328 homino,
817 1250 909 1315 homo
937 1269 997 1316 nou
1020 1271 1113 1317 soum
1135 1252 1249 1331 reddit,

118 1352 262 1418 dominus
283 1371 375 1419 suum
396 1353 519 1436 recipit.
556 1354 662 1436 itaque
685 1371 756 1418 oum
778 1351 872 1419 offert
893 1355 950 1419 deo
967 1355 1122 1438 quispiam
1144 1355 1247 1421 facul·
1259 1350 1302 1418 54

117 1457 200 1522 tates
223 1474 306 1536 suas,
330 1474 393 1522 non
415 1457 527 1522 offerat
541 1457 632 1540 quasi
653 1459 909 1540 praesumptione
925 1459 1071 1524 donantis
1087 1459 1142 1524 sed
1157 1461 1249 1542 quasi

85 1559 300 1625 rohumilitete
330 1561 491 1640 soluentis,
523 1579 579 1627 nec
601 1560 764 1626 absoluere
786 1579 818 1626 se
840 1563 966 1643 peccata
989 1581 1044 1627 sua
1067 1565 1174 1628 credat
1195 1565 1249 1628 sed

117 1665 275 1744 adleuare,
298 1682 355 1730 neo
377 1664 487 1730 offerat
505 1683 578 1730 curn
592 1664 818 1746 redemptionis
841 1664 956 1730 fiducia
971 1667 1027 1730 sed
1042 1685 1115 1731 oum
1130 1665 1249 1750 suppli-

118 1771 250 1834 cationis
280 1767 392 1849 officio,
422 1787 479 1834 neo
508 1769 598 1851 quasi
626 1771 730 1834 totum
759 1768 901 1834 debitum
926 1769 1059 1834 reddens
1082 1773 1136 1835 sed
1159 1771 1249 1854 quasi

116 1874 169 1938 uel
199 1890 333 1956 paruum
355 1873 394 1938 de
416 1889 531 1954 magno
563 1872 691 1937 reddere
722 1871 860 1953 cupiere,
896 1873 969 1955 quia
998 1873 1124 1938 etiamsi
1146 1875 1264 1965 tradat

117 1978 201 2060 quod
235 1975 330 2041 hebet
363 1993 420 2057 pro
452 1975 544 2041 modo
575 1993 691 2056 rerum,
726 1991 788 2039 non
820 1976 924 2040 reddit
957 1977 1039 2058 quod
1072 1979 1163 2043 debet
1196 1996 1251 2059 pro
1284 2000 1289 2011 ‚

85 2099 108 2136 1⁵
116 2080 334 2162 magnItudine
356 2081 565 2161 peccatorum.
599 2079 732 2156 otides,
756 2078 832 2144 licet
854 2079 973 2160 offerat,
997 2082 1066 2146 oret
1088 2081 1191 2159 deum,
1215 2083 1251 2145 ut

116 2203 174 2250 sua
207 2184 329 2266 placeat
361 2182 488 2262 oblatio,
524 2183 674 2265 plangens
708 2183 741 2248 id
775 2182 880 2265 ipsum
914 2187 995 2265 quod
1029 2185 1117 2250 tarde
1150 2184 1249 2266 offert,

116 2287 272 2370 plangens
295 2305 332 2353 ec
354 2286 516 2368 poenitens
540 2289 620 2370 quod
636 2303 698 2352 non
720 2287 825 2369 prius:
849 2287 894 2350 sic
916 2288 985 2367 erit,
1008 2292 1045 2352 ut
1067 2290 1155 2353 iuxta
1177 2306 1250 2370 pro-

116 2392 247 2473 phetam
270 2391 457 2473 propitietur
479 2389 613 2455 forsitan
637 2389 714 2455 deus
738 2389 861 2456 delictis
884 2392 957 2454 tuis.

160 2510 218 2575 XI.
250 2510 309 2577 Sed
338 2511 414 2577 dicit
442 2509 572 2594 aliquis:
601 2514 705 2577 totum
733 2528 805 2594 ergo
834 2511 890 2574 deo
914 2511 1074 2575 oblaturus
1097 2513 1145 2574 eet
1168 2502 1305 2592 quod55

85 2617 238 2682 achabet?
275 2634 337 2681 non
361 2616 471 2680 offerat
492 2618 597 2681 totum
621 2616 702 2699 quod
725 2616 830 2694 habet,
854 2615 881 2678 ei
903 2632 963 2679 oon
986 2616 1076 2696 putat
1092 2612 1252 2679 redebere

116 2721 221 2784 totum
246 2719 328 2801 quod
350 2717 454 2782 habet.
492 2737 554 2783 non
576 2737 688 2801 quaero
712 2717 800 2784 ouius
823 2717 866 2782 sit
888 2719 970 2801 quod
988 2717 1126 2796 offertur,
1150 2736 1169 2782 a
1191 2736 1251 2800 quo

116 2825 161 2888 sit
184 2825 350 2903 acceptum
373 2821 446 2885 eote
471 2823 551 2906 quod
572 2822 731 2888 redditur:
754 2823 814 2888 hoo
829 2823 900 2887 dico
923 2823 1034 2899 solum,
1057 2839 1119 2886 non
1142 2821 1253 2886 offeret

115 2927 224 2991 totum
253 2942 309 3006 pro
340 2922 455 3002 debito,
484 2923 511 2989 ei
535 2925 645 2990 debore
668 2943 701 2990 se
723 2927 826 2991 totum
855 2943 918 2990 non
945 2925 1038 3008 putat
1067 2943 1122 3006 pro
1152 2927 1251 2990 reatu.

115 3035 220 3096 totum
254 3046 336 3112 ergo,
367 3027 472 3111 inquit
502 3029 644 3111 quamuis
674 3030 817 3111 peccator
838 3027 962 3110 aliquis,
992 3027 1157 3092 oblaturus
1180 3029 1253 3093 est?

84 3133 218 3198 raimmo
241 3133 330 3208 nihil,
354 3133 380 3196 ai
403 3151 463 3197 non
486 3151 558 3197 oum
579 3133 652 3212 fide,
676 3133 773 3197 immo
796 3131 885 3209 nihii,
908 3131 936 3195 si
951 3150 1012 3196 uon
1028 3149 1099 3196 oum
1117 3131 1251 3207 ambitu,

115 3239 218 3303 immo
241 3235 331 3320 nihil,
355 3237 383 3301 si
405 3253 466 3300 non
483 3254 554 3300 oum
576 3255 675 3318 proce,
699 3236 796 3300 immo
819 3232 909 3312 nihil,
933 3233 959 3299 si
982 3252 1042 3298 non
1065 3233 1251 3309 hosodino,

116 3344 154 3404 ut
186 3339 247 3403 hoc
280 3339 385 3420 ipsum
418 3339 500 3404 inter
533 3340 700 3421 praecipua
733 3337 884 3404 beneficia
917 3338 967 3403 dei
1000 3340 1135 3422 reputet,
1169 3337 1252 3418 quod

173 3602 188 3652 1
208 3599 298 3652 aonIm
315 3599 343 3650 A
446 3598 463 3651 2
486 3596 553 3651 fides
572 3614 607 3651 erc
622 3596 686 3650 fidis
704 3611 773 3652 corr.
792 3614 825 3650 m.
845 3599 865 3651 2
882 3597 940 3651 AB
994 3631 996 3674 1
1043 3596 1074 3649 11
1098 3594 1254 3664 plicationie

116 3687 143 3740 Β
172 3683 335 3754 placationis
353 3686 428 3752 (ccco
440 3683 466 3749 b)
487 3683 529 3738 cd.
548 3683 688 3738 Bolerion
792 3683 825 3738 16
847 3682 876 3736 id
894 3681 1106 3752 ipsum-offert
1122 3681 1253 3749 plangens

117 3788 171 3826 om.
188 3770 312 3838 AB(b),·
338 3768 412 3839 quod
427 3770 531 3840 sapione
548 3769 662 3824 addetur
679 3768 823 3822 Halmium
840 3767 886 3836 qui
903 3767 974 3822 alta
991 3767 1023 3820 ia
1042 3765 1107 3820 adso.
1124 3765 1186 3819 orit.
1204 3763 1253 3817 od·

18 3841 19 3856 ἶ
117 3858 228 3913 notarit
320 3855 351 3909 17
371 3855 493 3923 penitens
510 3856 538 3910 B
629 3855 721 3922 sicque
738 3854 849 3916 (itcrom
866 3868 927 3906 cam
944 3853 969 3918 b)
989 3851 1029 3906 ed.
1048 3851 1185 3906 Bodatius

118 3945 174 3998 erit
190 3944 356 3997 a.scr.m.2
374 3955 407 4009 ge
425 3946 456 3994 at
473 3941 509 3994 ait
526 3941 613 4009 egerit
630 3941 658 3994 A
761 3941 795 3994 18
810 3941 866 3993 tuis
882 3955 904 3994 e.
921 3953 973 3994 aar.
991 3940 1060 3992 Μ
1085 3938 1143 3991 eius
1160 3936 1189 3990 A
1207 3936 1253 4003 (cf.

117 4031 200 4098 iasrc
211 4035 234 4094 §-
249 4030 312 4093 62)τ
331 4028 388 4081 suis
405 4027 433 4081 B
449 4025 515 4092 fort.
528 4031 598 4080 recte
610 4027 655 4080 act
665 4026 746 4082 coreo
759 4026 827 4087 eius3
844 4025 894 4091 cfr.
907 4025 973 4078 adra
985 4023 1185 4080 crit.coi1151

18 4167 19 4172 ,
118 4116 155 4170 20
173 4115 198 4169 si
214 4130 268 4169 non
287 4112 493 4182 potat-habet
510 4129 560 4168 ona
579 4113 607 4167 Β
696 4113 738 4166 ,21
755 4127 803 4166 neo
822 4127 902 4180 quero
919 4110 947 4165 B
1044 4109 1157 4165 offertur
1174 4109 1254 4163 uela

18 4191 19 4230 ³
119 4200 409 4272 quoittcramcamb)
423 4199 464 4255 cd.
477 4201 616 4256 Betucius
718 4200 753 4254 22
770 4199 860 4254 reddit
878 4215 914 4254 cor
930 4197 1053 4254 redditur
1070 4213 1142 4252 corr.
1153 4211 1255 4250 rasura

121 4291 149 4342 A
256 4287 291 4343 24
316 4287 408 4355 iuquit
432 4288 558 4355 quamuis
584 4287 683 4356 aliquis
708 4289 829 4356 pwoator
856 4287 969 4356 (iterum
989 4300 1052 4340 com
1074 4284 1101 4351 b)
1128 4282 1169 4339 cd.
1196 4283 1255 4337 Bo·

121 4375 215 4430 tactas
319 4372 352 4425 26
370 4388 462 4441 praece
479 4373 507 4425 A
610 4372 643 4427 27
661 4372 786 4442 preoIpua
804 4372 854 4426 A·
1192 4375 1195 4381 '

176 4478 253 4533 VIII.
1115 4473 1148 4527 16
