3096 5018
273 418 337 484 276
758 414 920 468 Saluiani

275 626 350 689 opus
379 607 420 670 sit
451 604 607 690 religiosis
636 605 722 670 iusta
748 604 931 689 patrimonii
959 605 1123 686 portione?
1158 607 1338 685 respondeo:
1369 606 1406 669 ut

274 707 432 792 religionis
448 707 620 792 fungantur
632 707 744 793 officio,
759 709 796 774 ut
811 708 1030 792 religiosorum
1044 707 1137 774 rebus
1151 706 1263 791 religio
1275 706 1405 787 ditatur,

273 816 311 880 ut
337 813 454 878 donent
480 814 518 878 ut
546 813 723 897 largiantur
752 813 789 876 ut
821 810 887 876 illis
918 810 1109 878 habentibus
1138 810 1244 876 annoti
1265 809 1405 876 babeant

273 934 335 982 non
357 916 516 998 habentes,
539 916 645 996 immo,
671 916 698 980 si
720 915 810 979 tanta
833 917 881 978 est
903 931 1010 980 eorum
1032 914 1106 979 fides
1129 914 1225 995 atque
1245 912 1406 996 perfectio,

273 1020 311 1085 ut
331 1019 466 1084 habeant
488 1019 551 1084 aito
572 1034 635 1082 non
650 1016 799 1095 habituri,
822 1017 945 1082 beatius
960 1019 1079 1099 utique,
1102 1017 1268 1099 postquam
1287 1016 1405 1081 habue·
1427 1037 1441 1079 ι

222 1123 347 1202 24rint,
370 1140 432 1187 non
456 1121 613 1187 habentes.
648 1139 702 1184 our
719 1122 772 1202 eie,
796 1137 920 1203 quaeso,
943 1119 1231 1184 oinhumaniesimi
1245 1123 1405 1202 parentes,

273 1225 494 1290 necessitatem
524 1223 761 1308 indignissimae
789 1223 985 1307 paupertatis
1016 1223 1193 1306 inponitis?
1230 1224 1406 1305 permittite

273 1329 332 1394 hoo
352 1328 499 1411 religioni
519 1327 590 1410 ipsi,
619 1329 668 1393 oui
690 1326 769 1392 filios
791 1325 986 1392 tradidistis:
1019 1328 1135 1392 rectius
1158 1344 1309 1409 pauperes
1331 1345 1350 1390 a
1372 1345 1406 1392 se

272 1433 363 1501 fiunt.
400 1431 579 1498 sitantum
601 1448 652 1496 eos
674 1431 781 1514 inopes
804 1448 873 1496 esse
888 1429 1014 1511 eapitis,
1038 1429 1199 1495 coneedite
1216 1429 1249 1494 id
1263 1429 1406 1511 ipsorum

273 1536 443 1602 deuotioni.
488 1535 583 1600 lieeat
615 1534 666 1612 eis,
702 1551 900 1616 quaesumus,
932 1535 969 1598 ut
1002 1533 1103 1598 uelint
1136 1551 1289 1614 pauperes
1322 1533 1442 1598 lierirro

273 1639 389 1722 eligere
425 1639 563 1720 inopiam
601 1636 716 1706 debent
754 1655 816 1701 non
852 1637 1018 1702 sustinere.
1067 1639 1240 1720 postremo,
1278 1635 1406 1702 etiamsi

273 1742 459 1821 sustineant,
483 1741 646 1806 deuotione
669 1758 738 1804 eam
760 1741 899 1805 tolerent
920 1758 983 1805 non
1006 1740 1207 1806 damnatione
1230 1739 1356 1824 patiant
1397 1789 1405 1803 .

221 1844 264 1909 25
274 1865 328 1912 eur
363 1863 413 1910 eos
445 1844 535 1909 uelut
563 1843 717 1908 aratura
732 1837 900 1925 'expellitis
930 1844 963 1907 et
991 1844 1080 1925 quasi
1107 1846 1214 1908 aiure
1242 1844 1404 1926 sanguinis

274 1947 449 2012 abdicatis?
483 1947 516 2012 et
539 1965 595 2030 ego
613 1965 678 2011 esse
694 1963 746 2012 eos
768 1964 920 2027 pauperes
942 1945 1025 2026 uolo,
1048 1951 1100 2013 sed
1115 1951 1152 2012 ut
1168 1947 1282 2014 habeat
1299 1949 1406 2012 tamen

272 2052 448 2134 praemium
470 2069 562 2115 suurn
583 2049 652 2132 ipsa
673 2050 850 2132 paupertas,
873 2068 909 2115 ae
931 2050 1089 2132 praeclara
1110 2051 1324 2117 demutatione
1346 2051 1442 2116 eli-rr

272 2152 349 2238 gant
370 2153 508 2235 inopiam
530 2172 567 2218 ex
590 2152 686 2236 eopia,
717 2156 753 2216 ut
776 2171 812 2217 ex
833 2153 957 2236 inopiae
979 2154 1127 2219 electione
1150 2155 1273 2237 eopiam
1297 2172 1400 2220 eonse-

273 2260 417 2339 quentur.
455 2274 645 2342 quamquam
678 2255 753 2338 quid
788 2274 844 2341 ego
874 2275 929 2321 uos
959 2275 1015 2341 per
1048 2257 1153 2340 ipsum
1187 2259 1404 2324 sanctissimae

272 2360 405 2427 rationis
421 2361 557 2427 oflieium
573 2361 697 2426 trahere
714 2362 753 2425 ad
767 2359 998 2425 humanitatem
1016 2362 1226 2444 pietatemque
1243 2365 1404 2443 contendo,

272 2481 345 2528 eum
373 2464 406 2530 id
434 2465 568 2530 maxime
599 2463 732 2529 obsistat
762 2463 794 2528 et
825 2463 902 2528 haee
930 2483 979 2528 res
1008 2466 1151 2546 parentes
1175 2465 1275 2546 inpios
1298 2465 1404 2541 faeiat,

221 2567 263 2632 26
273 2586 351 2650 quae
373 2569 440 2649 pios
463 2568 565 2632 faeere
588 2566 738 2632 deberet?
766 2587 840 2631 nam
869 2586 941 2632 oum
963 2585 1018 2632 uos
1042 2566 1110 2633 ideo
1133 2568 1205 2649 plus
1228 2567 1441 2649 relinquerem

273 2691 309 2735 er
337 2670 524 2752 patrimonio
553 2673 657 2734 uestro
686 2669 840 2753 religiosis
869 2669 943 2735 filiis
966 2670 1131 2750 deberetis,
1162 2671 1199 2736 ut
1221 2670 1340 2753 aliquid
1364 2672 1405 2736 ad

273 2773 367 2837 delun
390 2793 426 2838 er
448 2772 652 2838 facultatibus
675 2773 789 2839 uestris
814 2774 921 2837 saltim
944 2792 999 2855 per
1020 2772 1101 2839 filios
1124 2774 1311 2857 perueniret,
1335 2775 1405 2840 ideo

273 2874 349 2939 filiis
383 2894 443 2941 non
477 2875 666 2958 relinquitis,
701 2895 740 2942 ne
769 2876 819 2940 illi
850 2880 906 2942 deo
936 2878 1072 2943 habeant
1102 2879 1184 2960 quod
1213 2878 1404 2962 relinquant.

272 2978 432 3061 praeclara
466 2977 614 3043 uidelicet
646 2978 768 3044 ratione
803 2981 897 3062 atque
925 2980 1051 3045 eantela
1081 2981 1221 3046 eontenti
1251 2983 1326 3046 estis
1349 2999 1404 3046 uos

272 3083 355 3147 filios
387 3100 449 3145 non
483 3099 659 3165 agnosoere,
694 3101 733 3146 ne
765 3082 815 3147 illi
843 3101 876 3146 se
906 3082 989 3147 filios
1022 3083 1072 3150 dei
1105 3102 1171 3148 esse
1206 3088 1441 3168 cognoscentes

272 3185 472 3269 magnifieum
501 3185 701 3268 repensantes
731 3186 888 3251 benefieiis
917 3187 1014 3252 sacris
1040 3187 1299 3272 uicissitudinem,
1329 3191 1403 3254 dum

272 3289 304 3354 id
327 3288 555 3355 studiosissime
584 3289 770 3371 procuratis,
799 3309 838 3355 ne
861 3292 914 3355 uel
936 3309 990 3372 per
1011 3292 1132 3356 uestros
1161 3291 1279 3374 aliquid
1307 3290 1405 3356 honor

273 3389 324 3457 dei
353 3391 466 3458 habere
495 3392 605 3475 possit,
637 3411 709 3457 oum
738 3392 845 3458 omnia
874 3411 928 3458 uos
958 3412 1012 3476 per
1041 3394 1092 3459 dei
1113 3413 1228 3460 munus
1251 3395 1403 3460 habeatis.

325 3663 404 3732 leit]
424 3665 464 3717 est
482 3663 523 3718 ed.
542 3663 682 3718 Botasr'aa
782 3665 850 3719 iusti
872 3667 1031 3736 patrimonii
1054 3669 1187 3738 portione]
1207 3685 1318 3739 aequam
1336 3671 1404 3724 aoei-

272 3765 331 3818 pere
349 3766 409 3803 oum
427 3748 556 3802 iratribus
574 3748 734 3818 patrimonii
752 3751 939 3821 portionemp
958 3757 984 3807 et
996 3753 1057 3808 edd.
1069 3759 1133 3809 orate
1146 3755 1240 3809 Halm.
1329 3756 1346 3809 2
1364 3755 1405 3810 di-

272 3835 351 3890 detnr
377 3836 405 3888 A
507 3833 525 3888 4
551 3834 616 3889 fidas
641 3851 675 3890 aa
696 3835 758 3890 fidis
776 3853 846 3892 corr.
865 3855 900 3894 m.
918 3842 936 3892 2
953 3841 981 3893 A
1084 3841 1100 3894 5
1128 3841 1231 3896 beatius
1255 3857 1291 3896 oro
1308 3841 1404 3896 beatus

271 3936 342 3977 corr.
360 3925 426 3976 m.2
443 3921 471 3975 Β
575 3923 592 3976 9
610 3922 770 3977 ooneeoidite
784 3929 883 3992 pumat.
900 3925 926 3978 ei
943 3926 970 3979 A
1074 3926 1107 3981 10
1124 3926 1223 3980 uellint
1240 3933 1333 3995 pauet.
1352 3928 1404 3984 att.

271 4007 328 4062 lB
432 4005 921 4064 lifflmmeamaemAB
1025 4011 1404 4068 lbwmmumdmm

271 4095 345 4146 Μ
367 4095 394 4146 A
498 4092 531 4148 19
555 4092 686 4146 maximae
708 4100 803 4162 parret.
822 4110 839 4148 a
856 4095 884 4148 B
985 4096 1019 4150 22
1042 4098 1139 4152 saltem
1162 4111 1197 4152 aa
1221 4098 1312 4152 saltim
1331 4113 1403 4153 corr.

272 4195 307 4232 m.
330 4181 351 4232 2
376 4180 404 4232 A
524 4178 559 4234 23
588 4179 636 4234 deo
661 4185 727 4248 port
755 4180 799 4234 illi
829 4196 938 4236 masam
964 4188 989 4237 et
1011 4188 1076 4252 post
1101 4183 1220 4238 habeant
1245 4199 1265 4238 s.
1291 4185 1309 4238 t.
1336 4184 1404 4241 add.

221 4320 226 4332 ,
271 4280 306 4317 m.
325 4263 399 4402 a}
425 4269 451 4318 a
476 4263 866 4334 recusaturusque
891 4283 953 4322 aaa
978 4268 1004 4335 ι)
1116 4269 1151 4324 24
1177 4269 1293 4324 auena
1319 4270 1406 4326 arn

273 4364 343 4403 Ora&
