2972 5000
1175 375 1247 430 XIII

148 565 280 641 Orrius
316 565 465 664 quidem
500 564 670 663 opusculi
696 576 771 638 tres
797 575 950 655 tautum,
988 564 1243 662 quodecim,

98 687 147 760 ad
175 695 358 760 nostram
384 694 538 758 aetatem
564 694 820 784 peruenerunt
840 683 995 760 codices.
1022 684 1190 758 bisunt:

15 935 16 960 ἒ
134 855 171 929 Α
205 891 262 923 =
291 855 407 931 codex
431 855 622 930 Parisinus
649 882 686 930 n.
708 853 807 930 2172
836 880 931 930 saec.
950 857 998 948 X,
1028 854 1133 930 cuius
1160 880 1244 931 con-

15 969 16 1048 l
203 977 352 1051 latione
393 973 501 1075 (mitti
538 973 636 1048 enim
664 1001 707 1047 ex
739 973 961 1050 bibliotheca
988 974 1060 1050 alio
1087 977 1143 1050 fas
1169 1001 1246 1050 non

15 1101 16 1182 l
208 1103 296 1192 est),
324 1093 391 1170 ubi
417 1091 834 1171 commentatiunculam
868 1093 1107 1194 praefationis
1134 1093 1244 1168 huius

205 1217 319 1291 initio
345 1228 586 1290 memoratam
622 1213 833 1314 conscripsi,
871 1210 1067 1289 destitutus
1103 1215 1244 1312 acquie-

206 1361 317 1412 scere
344 1336 502 1434 cogebar
528 1335 572 1409 iis
609 1362 701 1433 quae
736 1332 952 1409 Halmius
987 1335 1027 1408 in
1063 1348 1243 1436 apparatu

208 1458 340 1531 critico
368 1483 435 1531 suo
464 1457 639 1531 enotauit.
679 1467 808 1555 postea
841 1482 929 1530 uero
956 1469 1109 1554 rogante
1134 1455 1243 1530 Har-

112 1589 116 1602 '
207 1577 336 1650 telio
365 1576 524 1651 eundem
547 1577 592 1651 F.
613 1576 928 1652 Weihriohius
946 1575 1243 1652 Vindobonensis

208 1695 465 1771 liberalissime
491 1695 769 1794 diligentissime
787 1679 1060 1794 religiosissime
1077 1695 1113 1768 in
1133 1722 1244 1770 usum

208 1843 339 1890 meum
366 1817 541 1890 tractauit
566 1815 851 1914 retractauitque
876 1831 912 1891 et
937 1828 1128 1914 tamquam
1157 1843 1241 1890 cum

207 1935 425 2036 puluisculo
470 1935 646 2011 exhausit.
703 1935 763 2011 cui
802 1936 883 2010 uiro
928 1933 1141 2012 doctissimo
1169 1923 1243 2010 hic

210 2057 352 2154 gratias
380 2083 472 2154 quas
499 2084 649 2156 possum
677 2057 856 2131 maximas
883 2083 993 2154 agere
1019 2041 1138 2131 liceat.

152 2247 200 2320 In
233 2271 309 2344 quo
325 2247 453 2321 codice
471 2273 556 2320 cum
575 2247 817 2322 correctiones
837 2247 1028 2346 pauciores
1045 2247 1128 2339 sint,
1149 2271 1242 2343 quas

104 2365 278 2442 eiusdem
309 2365 449 2442 librarii
483 2393 598 2440 manu
633 2368 727 2441 inter
754 2367 990 2441 scribendum
1016 2367 1134 2440 factas
1162 2389 1240 2439 esse

15 2575 16 2588 ἵ
104 2486 237 2585 liquet,
274 2487 466 2585 permultis
499 2487 589 2561 locis
621 2511 754 2562 manus
782 2486 1010 2562 emendatrix
1037 2485 1242 2560 admodum

15 2599 16 2602 ¹
104 2632 252 2700 recens,
280 2633 393 2706 quam
419 2608 565 2705 signaui
591 2633 637 2682 m.
666 2612 701 2701 2,
738 2609 835 2682 iusto
869 2608 1038 2683 licentius
1075 2617 1241 2705 grassata

105 2739 168 2802 est
227 2727 466 2826 paucissimis·
499 2729 590 2802 locis
628 2756 759 2803 manus
798 2730 908 2803 tertia
947 2728 1160 2819 admodum,
1201 2739 1242 2800 ut

105 2860 206 2922 certe
252 2847 408 2942 uidetur,
453 2849 609 2946 antiqua
646 2849 818 2942 occurrit·
859 2875 977 2946 quam
1011 2859 1136 2921 tamen
1173 2871 1240 2944 pro

105 2968 344 3067 singulorum
377 2969 521 3042 ratione
553 2970 801 3045 necessarium
837 2969 989 3044 omnino
1016 2991 1095 3040 non
1119 2967 1241 3040 laisum

106 3100 160 3162 cst
189 3088 373 3162 adnotare
398 3089 536 3162 nedum
564 3101 653 3162 nota
679 3089 854 3186 singulari
882 3089 1098 3186 significare.

143 3244 182 3316 B
213 3275 262 3309 =
292 3245 406 3318 codex
432 3245 621 3319 Parisinus
648 3243 848 3319 membran.
864 3247 913 3317 'n.
943 3245 1041 3316 2785
1070 3267 1164 3316 saec.
1185 3241 1241 3314 XI

213 3389 322 3460 quem
350 3376 434 3463 post
460 3365 693 3438 Halmium
723 3377 758 3438 et
784 3364 861 3464 ipse
887 3362 1034 3438 contuli.
1057 3379 1060 3383 '

162 3519 184 3591 b
215 3551 263 3584 =
284 3520 399 3593 codex
418 3515 605 3594 Parisinus
623 3520 824 3594 membran.
851 3548 887 3614 ny.
908 3520 1007 3624 2173
1034 3543 1126 3591 saec.
1146 3512 1239 3594 XIII

213 3665 326 3736 quem
360 3650 403 3713 ut
438 3640 603 3714 codicem
633 3641 670 3713 B
704 3640 779 3713 iam
814 3628 1037 3734 Balu'zius
1073 3621 1240 3711 adhibuit

212 3785 283 3832 nec
327 3758 446 3832 solum
486 3759 655 3834 adhibuit
694 3760 760 3833 sed
800 3751 912 3832 etiam
955 3740 1051 3832 iusto
1093 3759 1239 3857 saepius

212 3891 361 3953 secutus
390 3891 452 3974 est,
481 3880 520 3952 id
547 3881 645 3976 quod
672 3859 762 3954 locis
782 3892 839 3954 sat
855 3878 982 3952 multis
1001 3879 1039 3951 ln
1057 3889 1240 3977 apparatu

215 3999 342 4072 critico
370 4001 537 4074 euincere
564 4000 746 4098 placebat.
1265 3999 1269 4008 ’

159 4170 307 4261 Quibus
342 4173 517 4246 subsidiis
551 4173 709 4270 denique
743 4173 887 4247 adderet
914 4199 1006 4246 non
1025 4174 1091 4246 abs
1118 4198 1158 4245 re
1184 4173 1238 4245 ui-

15 4319 16 4324 *
110 4315 190 4363 sum
221 4302 276 4364 est
