<?xml version="1.0" encoding="UTF-8"?>
<!DOCTYPE html PUBLIC "-//W3C//DTD XHTML 1.0 Transitional//EN"
    "http://www.w3.org/TR/xhtml1/DTD/xhtml1-transitional.dtd">
<html xmlns="http://www.w3.org/1999/xhtml" xml:lang="en" lang="en">
 <head>
  <title>
</title>
<meta http-equiv="Content-Type" content="text/html;charset=utf-8" />
  <meta name='ocr-system' content='tesseract 3.04.00' />
  <meta name='ocr-capabilities' content='ocr_page ocr_carea ocr_par ocr_line ocrx_word'/>
</head>
<body>
  <div class='ocr_page' id='page_1' title='image "./corpusscriptoru14wissgoog_0273.png"; bbox 0 0 3068 5012; ppageno 0'>
   <div class='ocr_carea' id='block_1_1' title="bbox 315 411 957 486">
    <p class='ocr_par' dir='ltr' id='par_1_1' title="bbox 315 411 957 486">
     <span class='ocr_line' id='line_1_1' title="bbox 315 411 957 486; baseline -0.034 0"><span class='ocrx_word' id='word_1_1' title='bbox 315 411 379 486; x_wconf 74' lang='lat'><strong>226</strong></span> <span class='ocrx_word' id='word_1_2' title='bbox 802 411 957 468; x_wconf 71' lang='lat' dir='ltr'><strong>seruiens</strong></span> 
     </span>
    </p>
   </div>
   <div class='ocr_carea' id='block_1_2' title="bbox 199 601 1519 3694">
    <p class='ocr_par' dir='ltr' id='par_1_2' title="bbox 285 601 1462 1304">
     <span class='ocr_line' id='line_1_2' title="bbox 285 601 1429 675; baseline -0.007 -1"><span class='ocrx_word' id='word_1_3' title='bbox 285 609 469 675; x_wconf 76' lang='lat' dir='ltr'><strong>horeseens.</strong></span> <span class='ocrx_word' id='word_1_4' title='bbox 503 607 558 673; x_wconf 88' lang='lat' dir='ltr'><strong>ubi</strong></span> <span class='ocrx_word' id='word_1_5' title='bbox 587 607 670 672; x_wconf 89' lang='lat' dir='ltr'><strong>euim</strong></span> <span class='ocrx_word' id='word_1_6' title='bbox 701 609 748 671; x_wconf 91' lang='lat' dir='ltr'><strong>est</strong></span> <span class='ocrx_word' id='word_1_7' title='bbox 775 605 832 671; x_wconf 86' lang='lat' dir='ltr'><strong>illa</strong></span> <span class='ocrx_word' id='word_1_8' title='bbox 854 623 939 670; x_wconf 91' lang='lat' dir='ltr'><strong>nuno</strong></span> <span class='ocrx_word' id='word_1_9' title='bbox 961 601 1075 670; x_wconf 79' lang='lat' dir='ltr'><strong>eximia</strong></span> <span class='ocrx_word' id='word_1_10' title='bbox 1096 601 1197 668; x_wconf 88' lang='lat' dir='ltr'><strong>forma</strong></span> <span class='ocrx_word' id='word_1_11' title='bbox 1218 603 1324 668; x_wconf 80' lang='lat' dir='ltr'><strong>tua¹et</strong></span> <span class='ocrx_word' id='word_1_12' title='bbox 1343 602 1429 666; x_wconf 83' lang='lat' dir='ltr'><strong>toties</strong></span> 
     </span>
     <span class='ocr_line' id='line_1_3' title="bbox 316 705 1429 794; baseline -0.008 -17"><span class='ocrx_word' id='word_1_13' title='bbox 316 711 453 793; x_wconf 84' lang='lat' dir='ltr'><strong>eorporis</strong></span> <span class='ocrx_word' id='word_1_14' title='bbox 476 709 699 794; x_wconf 79' lang='lat' dir='ltr'><strong>pulchritudo?</strong></span> <span class='ocrx_word' id='word_1_15' title='bbox 730 709 785 774; x_wconf 89' lang='lat' dir='ltr'><strong>ubi</strong></span> <span class='ocrx_word' id='word_1_16' title='bbox 807 708 889 772; x_wconf 90' lang='lat' dir='ltr'><strong>illud</strong></span> <span class='ocrx_word' id='word_1_17' title='bbox 912 707 950 772; x_wconf 90' lang='lat' dir='ltr'><strong>de</strong></span> <span class='ocrx_word' id='word_1_18' title='bbox 973 707 1056 772; x_wconf 86' lang='lat' dir='ltr'><strong>uinis</strong></span> <span class='ocrx_word' id='word_1_19' title='bbox 1079 706 1251 772; x_wconf 84' lang='lat' dir='ltr'><strong>uirtutibus</strong></span> <span class='ocrx_word' id='word_1_20' title='bbox 1275 705 1337 770; x_wconf 87' lang='lat' dir='ltr'><strong>tuis</strong></span> <span class='ocrx_word' id='word_1_21' title='bbox 1357 705 1429 769; x_wconf 90' lang='lat' dir='ltr'><strong>diui-</strong></span> 
     </span>
     <span class='ocr_line' id='line_1_4' title="bbox 316 809 1432 896; baseline -0.009 -16"><span class='ocrx_word' id='word_1_22' title='bbox 316 831 427 881; x_wconf 89' lang='lat' dir='ltr'><strong>norum</strong></span> <span class='ocrx_word' id='word_1_23' title='bbox 448 814 573 896; x_wconf 85' lang='lat' dir='ltr'><strong>apiodm</strong></span> <span class='ocrx_word' id='word_1_24' title='bbox 603 813 820 877; x_wconf 80' lang='lat' dir='ltr'><strong>testimonium</strong></span> <span class='ocrx_word' id='word_1_25' title='bbox 844 811 969 876; x_wconf 82' lang='lat' dir='ltr'><strong>diosus:</strong></span> <span class='ocrx_word' id='word_1_26' title='bbox 1000 809 1284 876; x_wconf 84' lang='lat' dir='ltr'><strong>multitudinis</strong></span> <span class='ocrx_word' id='word_1_27' title='bbox 1300 811 1432 874; x_wconf 72' lang='lat' dir='ltr'><strong>autem</strong></span> 
     </span>
     <span class='ocr_line' id='line_1_5' title="bbox 316 912 1432 994; baseline -0.005 -12"><span class='ocrx_word' id='word_1_28' title='bbox 316 917 561 983; x_wconf 76' lang='lat' dir='ltr'><strong>credentium</strong></span> <span class='ocrx_word' id='word_1_29' title='bbox 590 919 675 982; x_wconf 85' lang='lat' dir='ltr'><strong>e&#39;rat</strong></span> <span class='ocrx_word' id='word_1_30' title='bbox 705 923 770 981; x_wconf 87' lang='lat' dir='ltr'><strong>oo&#39;r</strong></span> <span class='ocrx_word' id='word_1_31' title='bbox 790 916 833 979; x_wconf 84' lang='lat' dir='ltr'><strong>et</strong></span> <span class='ocrx_word' id='word_1_32' title='bbox 855 915 986 980; x_wconf 86' lang='lat' dir='ltr'><strong>anima</strong></span> <span class='ocrx_word' id='word_1_33' title='bbox 1013 931 1100 993; x_wconf 85' lang='lat' dir='ltr'><strong>una,</strong></span> <span class='ocrx_word' id='word_1_34' title='bbox 1131 917 1171 978; x_wconf 91' lang='lat' dir='ltr'><strong>et</strong></span> <span class='ocrx_word' id='word_1_35' title='bbox 1201 931 1309 977; x_wconf 88' lang='lat' dir='ltr'><strong>nemo</strong></span> <span class='ocrx_word' id='word_1_36' title='bbox 1337 912 1432 994; x_wconf 77' lang='lat' dir='ltr'><strong>quio</strong></span> 
     </span>
     <span class='ocr_line' id='line_1_6' title="bbox 315 1015 1462 1102; baseline -0.008 -17"><span class='ocrx_word' id='word_1_37' title='bbox 315 1035 427 1102; x_wconf 88' lang='lat' dir='ltr'><strong>quam</strong></span> <span class='ocrx_word' id='word_1_38' title='bbox 456 1039 501 1084; x_wconf 86' lang='lat' dir='ltr'><strong>ex</strong></span> <span class='ocrx_word' id='word_1_39' title='bbox 531 1038 572 1084; x_wconf 92' lang='lat' dir='ltr'><strong>eo</strong></span> <span class='ocrx_word' id='word_1_40' title='bbox 604 1017 707 1100; x_wconf 78' lang='lat' dir='ltr'><strong>quod</strong></span> <span class='ocrx_word' id='word_1_41' title='bbox 730 1015 976 1099; x_wconf 63' lang='lat' dir='ltr'><strong>kpossidebat</strong></span> <span class='ocrx_word' id='word_1_42' title='bbox 1009 1033 1118 1080; x_wconf 89' lang='lat' dir='ltr'><strong>suum</strong></span> <span class='ocrx_word' id='word_1_43' title='bbox 1152 1030 1237 1080; x_wconf 86' lang='lat' dir='ltr'><strong>esse</strong></span> <span class='ocrx_word' id='word_1_44' title='bbox 1268 1016 1462 1080; x_wconf 76' lang='lat' dir='ltr'><strong>dicebate</strong></span> 
     </span>
     <span class='ocr_line' id='line_1_7' title="bbox 316 1119 1435 1202; baseline -0.006 -15"><span class='ocrx_word' id='word_1_45' title='bbox 316 1123 404 1187; x_wconf 88' lang='lat' dir='ltr'><strong>ouius</strong></span> <span class='ocrx_word' id='word_1_46' title='bbox 426 1125 462 1186; x_wconf 93' lang='lat' dir='ltr'><strong>tu</strong></span> <span class='ocrx_word' id='word_1_47' title='bbox 484 1141 574 1202; x_wconf 87' lang='lat' dir='ltr'><strong>nune,</strong></span> <span class='ocrx_word' id='word_1_48' title='bbox 598 1119 1179 1187; x_wconf 72' lang='lat' dir='ltr'><strong>ohoferaeauueuouoioo-teeeionem</strong></span> <span class='ocrx_word' id='word_1_49' title='bbox 1192 1123 1326 1183; x_wconf 73' lang='lat' dir='ltr'><strong>dantum</strong></span> <span class='ocrx_word' id='word_1_50' title='bbox 1340 1119 1435 1183; x_wconf 66' lang='lat' dir='ltr'><strong>theou</strong></span> 
     </span>
     <span class='ocr_line' id='line_1_8' title="bbox 315 1222 1437 1304; baseline -0.004 -14"><span class='ocrx_word' id='word_1_51' title='bbox 315 1224 468 1291; x_wconf 87' lang='lat' dir='ltr'><strong>uirtutem</strong></span> <span class='ocrx_word' id='word_1_52' title='bbox 490 1243 551 1290; x_wconf 88' lang='lat' dir='ltr'><strong>non</strong></span> <span class='ocrx_word' id='word_1_53' title='bbox 573 1225 678 1302; x_wconf 84' lang='lat' dir='ltr'><strong>hahes,</strong></span> <span class='ocrx_word' id='word_1_54' title='bbox 693 1222 817 1304; x_wconf 78' lang='lat' dir='ltr'><strong>·oui‘qde</strong></span> <span class='ocrx_word' id='word_1_55' title='bbox 839 1223 876 1287; x_wconf 85' lang='lat' dir='ltr'><strong>tu</strong></span> <span class='ocrx_word' id='word_1_56' title='bbox 907 1222 1039 1286; x_wconf 83' lang='lat' dir='ltr'><strong>seientia</strong></span> <span class='ocrx_word' id='word_1_57' title='bbox 1071 1223 1197 1286; x_wconf 84' lang='lat' dir='ltr'><strong>tantum</strong></span> <span class='ocrx_word' id='word_1_58' title='bbox 1227 1223 1341 1286; x_wconf 86' lang='lat' dir='ltr'><strong>interes</strong></span> <span class='ocrx_word' id='word_1_59' title='bbox 1371 1239 1437 1286; x_wconf 89' lang='lat' dir='ltr'><strong>eon·</strong></span> 
     </span>
    </p>

    <p class='ocr_par' dir='ltr' id='par_1_3' title="bbox 286 1324 1514 2134">
     <span class='ocr_line' id='line_1_9' title="bbox 286 1324 1437 1410; baseline -0.003 -18"><span class='ocrx_word' id='word_1_60' title='bbox 286 1329 445 1400; x_wconf 73' lang='lat' dir='ltr'><strong>ostiariis</strong></span> <span class='ocrx_word' id='word_1_61' title='bbox 478 1329 561 1393; x_wconf 86' lang='lat' dir='ltr'><strong>abes.</strong></span> <span class='ocrx_word' id='word_1_62' title='bbox 598 1329 735 1392; x_wconf 79' lang='lat' dir='ltr'><strong>maxima</strong></span> <span class='ocrx_word' id='word_1_63' title='bbox 756 1327 872 1410; x_wconf 81' lang='lat' dir='ltr'><strong>quippe</strong></span> <span class='ocrx_word' id='word_1_64' title='bbox 904 1343 987 1390; x_wconf 87' lang='lat' dir='ltr'><strong>nuno</strong></span> <span class='ocrx_word' id='word_1_65' title='bbox 1014 1324 1152 1390; x_wconf 88' lang='lat' dir='ltr'><strong>filiorum</strong></span> <span class='ocrx_word' id='word_1_66' title='bbox 1185 1329 1313 1391; x_wconf 87' lang='lat' dir='ltr'><strong>tuorum</strong></span> <span class='ocrx_word' id='word_1_67' title='bbox 1345 1324 1437 1409; x_wconf 87' lang='lat' dir='ltr'><strong>portio</strong></span> 
     </span>
     <span class='ocr_line' id='line_1_10' title="bbox 316 1428 1438 1513; baseline -0.003 -18"><span class='ocrx_word' id='word_1_68' title='bbox 316 1431 548 1497; x_wconf 77' lang='lat' dir='ltr'><strong>moitiferarum</strong></span> <span class='ocrx_word' id='word_1_69' title='bbox 571 1433 675 1496; x_wconf 74' lang='lat' dir='ltr'><strong>rhrhth</strong></span> <span class='ocrx_word' id='word_1_70' title='bbox 688 1429 886 1513; x_wconf 75' lang='lat' dir='ltr'><strong>&#39;negotidtrix</strong></span> <span class='ocrx_word' id='word_1_71' title='bbox 907 1428 956 1493; x_wconf 78' lang='lat' dir='ltr'><strong>eet</strong></span> <span class='ocrx_word' id='word_1_72' title='bbox 968 1429 1178 1512; x_wconf 82' lang='lat' dir='ltr'><strong>¹propoiisque</strong></span> <span class='ocrx_word' id='word_1_73' title='bbox 1199 1432 1232 1495; x_wconf 86' lang='lat' dir='ltr'><strong>et</strong></span> <span class='ocrx_word' id='word_1_74' title='bbox 1254 1428 1438 1513; x_wconf 78' lang='lat' dir='ltr'>cauponibus</span> 
     </span>
     <span class='ocr_line' id='line_1_11' title="bbox 315 1531 1470 1616; baseline -0.003 -16"><span class='ocrx_word' id='word_1_75' title='bbox 315 1536 430 1602; x_wconf 90' lang='lat' dir='ltr'><strong>similis</strong></span> <span class='ocrx_word' id='word_1_76' title='bbox 462 1536 603 1616; x_wconf 83' lang='lat' dir='ltr'><strong>terrenis,</strong></span> <span class='ocrx_word' id='word_1_77' title='bbox 637 1534 735 1598; x_wconf 81' lang='lat' dir='ltr'><strong>ihihfo</strong></span> <span class='ocrx_word' id='word_1_78' title='bbox 761 1531 925 1608; x_wconf 63' lang='lat' dir='ltr'><strong>&#39;adoreis</strong></span> <span class='ocrx_word' id='word_1_79' title='bbox 959 1532 1106 1614; x_wconf 82' lang='lat' dir='ltr'><strong>perituris</strong></span> <span class='ocrx_word' id='word_1_80' title='bbox 1135 1533 1230 1598; x_wconf 88' lang='lat' dir='ltr'><strong>simul</strong></span> <span class='ocrx_word' id='word_1_81' title='bbox 1260 1535 1354 1616; x_wconf 62' lang='lat' dir='ltr'><strong>dune</strong></span> <span class='ocrx_word' id='word_1_82' title='bbox 1375 1551 1470 1614; x_wconf 83' lang='lat' dir='ltr'><strong>per-o</strong></span> 
     </span>
     <span class='ocr_line' id='line_1_12' title="bbox 316 1634 1440 1717; baseline -0.003 -14"><span class='ocrx_word' id='word_1_83' title='bbox 316 1637 466 1703; x_wconf 80' lang='lat' dir='ltr'><strong>dentibus</strong></span> <span class='ocrx_word' id='word_1_84' title='bbox 489 1636 596 1703; x_wconf 79' lang='lat' dir='ltr'><strong>studet</strong></span> <span class='ocrx_word' id='word_1_85' title='bbox 618 1634 776 1700; x_wconf 82' lang='lat' dir='ltr'><strong>nundinis.</strong></span> <span class='ocrx_word' id='word_1_86' title='bbox 795 1635 894 1700; x_wconf 35' lang='lat' dir='ltr'><strong>*luero</strong></span> <span class='ocrx_word' id='word_1_87' title='bbox 917 1635 1001 1700; x_wconf 88' lang='lat' dir='ltr'><strong>enim</strong></span> <span class='ocrx_word' id='word_1_88' title='bbox 1021 1637 1170 1717; x_wconf 82' lang='lat' dir='ltr'><strong>pecuniae</strong></span> <span class='ocrx_word' id='word_1_89' title='bbox 1187 1637 1339 1701; x_wconf 84' lang='lat' dir='ltr'><strong>domnum</strong></span> <span class='ocrx_word' id='word_1_90' title='bbox 1360 1637 1440 1700; x_wconf 83' lang='lat' dir='ltr'><strong>uitae</strong></span> 
     </span>
     <span class='ocr_line' id='line_1_13' title="bbox 305 1739 1510 1823; baseline -0.006 -15"><span class='ocrx_word' id='word_1_91' title='bbox 305 1744 463 1815; x_wconf 74' lang='lat' dir='ltr'><strong>‘ementes</strong></span> <span class='ocrx_word' id='word_1_92' title='bbox 487 1744 523 1804; x_wconf 89' lang='lat' dir='ltr'><strong>ut</strong></span> <span class='ocrx_word' id='word_1_93' title='bbox 546 1740 711 1821; x_wconf 77' lang='lat' dir='ltr'>adquirant</span> <span class='ocrx_word' id='word_1_94' title='bbox 726 1753 804 1822; x_wconf 82' lang='lat' dir='ltr'><strong>quse</strong></span> <span class='ocrx_word' id='word_1_95' title='bbox 819 1756 881 1805; x_wconf 91' lang='lat' dir='ltr'><strong>nou</strong></span> <span class='ocrx_word' id='word_1_96' title='bbox 897 1741 972 1804; x_wconf 89' lang='lat' dir='ltr'><strong>sunt</strong></span> <span class='ocrx_word' id='word_1_97' title='bbox 992 1757 1057 1818; x_wconf 86' lang='lat' dir='ltr'><strong>sua,</strong></span> <span class='ocrx_word' id='word_1_98' title='bbox 1081 1739 1252 1823; x_wconf 77' lang='lat' dir='ltr'><strong>prodigunt</strong></span> <span class='ocrx_word' id='word_1_99' title='bbox 1270 1757 1351 1823; x_wconf 88' lang='lat' dir='ltr'><strong>quae</strong></span> <span class='ocrx_word' id='word_1_100' title='bbox 1373 1741 1441 1804; x_wconf 80' lang='lat' dir='ltr'><strong>sunt</strong></span> <span class='ocrx_word' id='word_1_101' title='bbox 1509 1746 1510 1768; x_wconf 66' lang='lat'>¹</span> 
     </span>
     <span class='ocr_line' id='line_1_14' title="bbox 314 1841 1442 1924; baseline -0.002 -16"><span class='ocrx_word' id='word_1_102' title='bbox 314 1863 381 1924; x_wconf 86' lang='lat' dir='ltr'><strong>sna,</strong></span> <span class='ocrx_word' id='word_1_103' title='bbox 414 1844 601 1908; x_wconf 76' lang='lat' dir='ltr'><strong>mandantes</strong></span> <span class='ocrx_word' id='word_1_104' title='bbox 634 1845 736 1907; x_wconf 85' lang='lat' dir='ltr'><strong>terrae</strong></span> <span class='ocrx_word' id='word_1_105' title='bbox 768 1843 930 1908; x_wconf 79' lang='lat' dir='ltr'><strong>thesauros</strong></span> <span class='ocrx_word' id='word_1_106' title='bbox 963 1844 1121 1908; x_wconf 78' lang='lat' dir='ltr'><strong>luctuosos</strong></span> <span class='ocrx_word' id='word_1_107' title='bbox 1156 1841 1319 1910; x_wconf 82' lang='lat' dir='ltr'><strong>herodibus</strong></span> <span class='ocrx_word' id='word_1_108' title='bbox 1353 1845 1442 1908; x_wconf 89' lang='lat' dir='ltr'><strong>breue</strong></span> 
     </span>
     <span class='ocr_line' id='line_1_15' title="bbox 316 1945 1514 2029; baseline -0.001 -18"><span class='ocrx_word' id='word_1_109' title='bbox 316 1947 467 2029; x_wconf 81' lang='lat' dir='ltr'><strong>gaudium</strong></span> <span class='ocrx_word' id='word_1_110' title='bbox 494 1945 675 2010; x_wconf 78' lang='lat' dir='ltr'><strong>auctoribus</strong></span> <span class='ocrx_word' id='word_1_111' title='bbox 705 1945 836 2029; x_wconf 82' lang='lat' dir='ltr'><strong>longum</strong></span> <span class='ocrx_word' id='word_1_112' title='bbox 865 1963 1037 2010; x_wconf 86' lang='lat' dir='ltr'><strong>maerorem</strong></span> <span class='ocrx_word' id='word_1_113' title='bbox 1067 1946 1233 2025; x_wconf 85' lang='lat' dir='ltr'><strong>adlaturos,</strong></span> <span class='ocrx_word' id='word_1_114' title='bbox 1267 1947 1443 2013; x_wconf 73' lang='lat' dir='ltr'><strong>fraudantes</strong></span> <span class='ocrx_word' id='word_1_115' title='bbox 1513 2017 1514 2022; x_wconf 6' lang='grc' dir='ltr'>ἵ</span> 
     </span>
     <span class='ocr_line' id='line_1_16' title="bbox 316 2047 1472 2134; baseline 0 -20"><span class='ocrx_word' id='word_1_116' title='bbox 316 2068 376 2114; x_wconf 88' lang='lat' dir='ltr'><strong>usu</strong></span> <span class='ocrx_word' id='word_1_117' title='bbox 406 2068 513 2114; x_wconf 90' lang='lat' dir='ltr'><strong>rerum</strong></span> <span class='ocrx_word' id='word_1_118' title='bbox 540 2047 753 2131; x_wconf 82' lang='lat' dir='ltr'><strong>praesentium</strong></span> <span class='ocrx_word' id='word_1_119' title='bbox 781 2049 848 2112; x_wconf 88' lang='lat' dir='ltr'><strong>tam</strong></span> <span class='ocrx_word' id='word_1_120' title='bbox 878 2048 956 2114; x_wconf 86' lang='lat' dir='ltr'><strong>alios</strong></span> <span class='ocrx_word' id='word_1_121' title='bbox 983 2066 1077 2130; x_wconf 87' lang='lat' dir='ltr'><strong>quam</strong></span> <span class='ocrx_word' id='word_1_122' title='bbox 1097 2067 1132 2114; x_wconf 91' lang='lat' dir='ltr'><strong>se</strong></span> <span class='ocrx_word' id='word_1_123' title='bbox 1155 2051 1248 2134; x_wconf 89' lang='lat' dir='ltr'><strong>ipsos,</strong></span> <span class='ocrx_word' id='word_1_124' title='bbox 1273 2054 1472 2116; x_wconf 76' lang='lat' dir='ltr'><strong>eondentase</strong></span> 
     </span>
    </p>

    <p class='ocr_par' dir='ltr' id='par_1_4' title="bbox 199 2151 1517 2236">
     <span class='ocr_line' id='line_1_17' title="bbox 199 2151 1517 2236; baseline 0.002 -20"><span class='ocrx_word' id='word_1_125' title='bbox 199 2193 201 2198; x_wconf 92' lang='lat'>-</span> <span class='ocrx_word' id='word_1_126' title='bbox 316 2153 478 2236; x_wconf 84' lang='lat' dir='ltr'><strong>profundis</strong></span> <span class='ocrx_word' id='word_1_127' title='bbox 513 2151 657 2234; x_wconf 79' lang='lat' dir='ltr'><strong>specibus</strong></span> <span class='ocrx_word' id='word_1_128' title='bbox 691 2151 832 2216; x_wconf 88' lang='lat' dir='ltr'><strong>infernas</strong></span> <span class='ocrx_word' id='word_1_129' title='bbox 862 2169 943 2234; x_wconf 83' lang='lat' dir='ltr'><strong>opes,</strong></span> <span class='ocrx_word' id='word_1_130' title='bbox 978 2152 1074 2218; x_wconf 90' lang='lat' dir='ltr'><strong>simul</strong></span> <span class='ocrx_word' id='word_1_131' title='bbox 1103 2153 1270 2234; x_wconf 79' lang='lat' dir='ltr'><strong>pecuniam</strong></span> <span class='ocrx_word' id='word_1_132' title='bbox 1298 2171 1445 2220; x_wconf 76' lang='lat' dir='ltr'><strong>suamne</strong></span> <span class='ocrx_word' id='word_1_133' title='bbox 1516 2218 1517 2226; x_wconf 67' lang='grc'>,</span> 
     </span>
    </p>

    <p class='ocr_par' dir='ltr' id='par_1_5' title="bbox 316 2254 1519 2445">
     <span class='ocr_line' id='line_1_18' title="bbox 316 2254 1445 2337; baseline 0.003 -17"><span class='ocrx_word' id='word_1_134' title='bbox 316 2274 406 2337; x_wconf 90' lang='lat' dir='ltr'><strong>spem</strong></span> <span class='ocrx_word' id='word_1_135' title='bbox 434 2273 524 2321; x_wconf 89' lang='lat' dir='ltr'><strong>suam</strong></span> <span class='ocrx_word' id='word_1_136' title='bbox 553 2254 741 2320; x_wconf 78' lang='lat' dir='ltr'><strong>infodientes</strong></span> <span class='ocrx_word' id='word_1_137' title='bbox 765 2255 938 2320; x_wconf 89' lang='lat' dir='ltr'><strong>seeundum</strong></span> <span class='ocrx_word' id='word_1_138' title='bbox 959 2254 1041 2321; x_wconf 89' lang='lat' dir='ltr'><strong>illud</strong></span> <span class='ocrx_word' id='word_1_139' title='bbox 1063 2255 1183 2321; x_wconf 85' lang='lat' dir='ltr'><strong>seilioet</strong></span> <span class='ocrx_word' id='word_1_140' title='bbox 1206 2257 1324 2322; x_wconf 87' lang='lat' dir='ltr'><strong>domini</strong></span> <span class='ocrx_word' id='word_1_141' title='bbox 1349 2259 1445 2324; x_wconf 83' lang='lat' dir='ltr'><strong>nostri</strong></span> 
     </span>
     <span class='ocr_line' id='line_1_19' title="bbox 316 2352 1519 2445; baseline 0 -19"><span class='ocrx_word' id='word_1_142' title='bbox 316 2361 452 2438; x_wconf 88' lang='lat' dir='ltr'><strong>dietum,</strong></span> <span class='ocrx_word' id='word_1_143' title='bbox 487 2379 547 2445; x_wconf 92' lang='lat' dir='ltr'><strong>quo</strong></span> <span class='ocrx_word' id='word_1_144' title='bbox 576 2360 638 2427; x_wconf 83' lang='lat' dir='ltr'><strong>ait:</strong></span> <span class='ocrx_word' id='word_1_145' title='bbox 672 2360 740 2424; x_wconf 88' lang='lat' dir='ltr'><strong>ubi</strong></span> <span class='ocrx_word' id='word_1_146' title='bbox 770 2359 897 2424; x_wconf 86' lang='lat' dir='ltr'><strong>fuerit</strong></span> <span class='ocrx_word' id='word_1_147' title='bbox 917 2359 1130 2424; x_wconf 81' lang='lat' dir='ltr'><strong>thesaurus</strong></span> <span class='ocrx_word' id='word_1_148' title='bbox 1147 2362 1260 2439; x_wconf 83' lang='lat' dir='ltr'><strong>tuus,</strong></span> <span class='ocrx_word' id='word_1_149' title='bbox 1288 2361 1347 2428; x_wconf 80' lang='lat' dir='ltr'><strong>ihi</strong></span> <span class='ocrx_word' id='word_1_150' title='bbox 1371 2363 1446 2427; x_wconf 88' lang='lat' dir='ltr'><strong>erit</strong></span> <span class='ocrx_word' id='word_1_151' title='bbox 1518 2352 1519 2360; x_wconf 59' lang='lat'><em>&#39;</em></span> 
     </span>
    </p>

    <p class='ocr_par' dir='ltr' id='par_1_6' title="bbox 287 2463 1477 2756">
     <span class='ocr_line' id='line_1_20' title="bbox 287 2463 1446 2550; baseline -0.001 -18"><span class='ocrx_word' id='word_1_152' title='bbox 287 2467 358 2532; x_wconf 73' lang='lat' dir='ltr'><strong>iet</strong></span> <span class='ocrx_word' id='word_1_153' title='bbox 387 2483 451 2532; x_wconf 87' lang='lat' dir='ltr'><strong>oor</strong></span> <span class='ocrx_word' id='word_1_154' title='bbox 478 2469 595 2530; x_wconf 75' lang='lat' dir='ltr'><strong>trium.</strong></span> <span class='ocrx_word' id='word_1_155' title='bbox 619 2463 773 2529; x_wconf 80' lang='lat' dir='ltr'><strong>‘inuident</strong></span> <span class='ocrx_word' id='word_1_156' title='bbox 803 2464 908 2545; x_wconf 85' lang='lat' dir='ltr'><strong>itaque</strong></span> <span class='ocrx_word' id='word_1_157' title='bbox 936 2463 1033 2529; x_wconf 86' lang='lat' dir='ltr'><strong>saluti</strong></span> <span class='ocrx_word' id='word_1_158' title='bbox 1061 2474 1134 2529; x_wconf 73' lang='lat' dir='ltr'><strong>suae</strong></span> <span class='ocrx_word' id='word_1_159' title='bbox 1154 2465 1348 2548; x_wconf 64' lang='lat' dir='ltr'><strong>sumasque</strong></span> <span class='ocrx_word' id='word_1_160' title='bbox 1377 2483 1446 2550; x_wconf 81' lang='lat' dir='ltr'><strong>pro·</strong></span> 
     </span>
     <span class='ocr_line' id='line_1_21' title="bbox 304 2565 1477 2651; baseline 0.001 -19"><span class='ocrx_word' id='word_1_161' title='bbox 304 2569 410 2650; x_wconf 76' lang='lat' dir='ltr'><strong>‘priss,</strong></span> <span class='ocrx_word' id='word_1_162' title='bbox 433 2587 511 2651; x_wconf 91' lang='lat' dir='ltr'><strong>quae</strong></span> <span class='ocrx_word' id='word_1_163' title='bbox 526 2566 677 2632; x_wconf 87' lang='lat' dir='ltr'><strong>uooantur</strong></span> <span class='ocrx_word' id='word_1_164' title='bbox 691 2567 730 2630; x_wconf 91' lang='lat' dir='ltr'><strong>ad</strong></span> <span class='ocrx_word' id='word_1_165' title='bbox 752 2566 882 2644; x_wconf 83' lang='lat' dir='ltr'><strong>eoelum,</strong></span> <span class='ocrx_word' id='word_1_166' title='bbox 905 2565 1038 2631; x_wconf 83' lang='lat' dir='ltr'><strong>terronis</strong></span> <span class='ocrx_word' id='word_1_167' title='bbox 1059 2568 1248 2649; x_wconf 87' lang='lat' dir='ltr'><strong>ponderibus</strong></span> <span class='ocrx_word' id='word_1_168' title='bbox 1258 2569 1305 2632; x_wconf 65' lang='lat' dir='ltr'><strong>ein</strong></span> <span class='ocrx_word' id='word_1_169' title='bbox 1327 2574 1477 2635; x_wconf 78' lang='lat' dir='ltr'><strong>terrama</strong></span> 
     </span>
     <span class='ocr_line' id='line_1_22' title="bbox 315 2668 1447 2756; baseline 0.001 -21"><span class='ocrx_word' id='word_1_170' title='bbox 315 2675 470 2754; x_wconf 87' lang='lat' dir='ltr'><strong>promunt.</strong></span> <span class='ocrx_word' id='word_1_171' title='bbox 502 2687 589 2735; x_wconf 86' lang='lat' dir='ltr'><strong>mene</strong></span> <span class='ocrx_word' id='word_1_172' title='bbox 611 2668 695 2734; x_wconf 90' lang='lat' dir='ltr'><strong>enim</strong></span> <span class='ocrx_word' id='word_1_173' title='bbox 717 2668 960 2733; x_wconf 82' lang='lat' dir='ltr'><strong>thesaurizantis</strong></span> <span class='ocrx_word' id='word_1_174' title='bbox 983 2669 1169 2735; x_wconf 84' lang='lat' dir='ltr'><strong>thesaurum</strong></span> <span class='ocrx_word' id='word_1_175' title='bbox 1192 2688 1283 2736; x_wconf 88' lang='lat' dir='ltr'><strong>suum</strong></span> <span class='ocrx_word' id='word_1_176' title='bbox 1299 2674 1447 2756; x_wconf 86' lang='lat' dir='ltr'><strong>sequitur</strong></span> 
     </span>
    </p>

    <p class='ocr_par' dir='ltr' id='par_1_7' title="bbox 316 2771 1448 3062">
     <span class='ocr_line' id='line_1_23' title="bbox 317 2771 1448 2856; baseline 0.004 -20"><span class='ocrx_word' id='word_1_177' title='bbox 317 2776 349 2837; x_wconf 87' lang='lat' dir='ltr'><strong>et</strong></span> <span class='ocrx_word' id='word_1_178' title='bbox 375 2773 466 2856; x_wconf 86' lang='lat' dir='ltr'><strong>quasi</strong></span> <span class='ocrx_word' id='word_1_179' title='bbox 493 2772 528 2837; x_wconf 88' lang='lat' dir='ltr'><strong>in</strong></span> <span class='ocrx_word' id='word_1_180' title='bbox 557 2772 704 2836; x_wconf 87' lang='lat' dir='ltr'><strong>naturam</strong></span> <span class='ocrx_word' id='word_1_181' title='bbox 737 2771 896 2836; x_wconf 86' lang='lat' dir='ltr'><strong>terrestris</strong></span> <span class='ocrx_word' id='word_1_182' title='bbox 930 2772 1124 2838; x_wconf 87' lang='lat' dir='ltr'><strong>substantiae</strong></span> <span class='ocrx_word' id='word_1_183' title='bbox 1159 2772 1357 2854; x_wconf 89' lang='lat' dir='ltr'><strong>demutatur,</strong></span> <span class='ocrx_word' id='word_1_184' title='bbox 1393 2795 1448 2842; x_wconf 91' lang='lat' dir='ltr'><strong>neo</strong></span> 
     </span>
     <span class='ocr_line' id='line_1_24' title="bbox 316 2873 1448 2961; baseline 0.004 -21"><span class='ocrx_word' id='word_1_185' title='bbox 316 2876 419 2941; x_wconf 88' lang='lat' dir='ltr'><strong>solum</strong></span> <span class='ocrx_word' id='word_1_186' title='bbox 446 2893 531 2941; x_wconf 90' lang='lat' dir='ltr'><strong>nuno</strong></span> <span class='ocrx_word' id='word_1_187' title='bbox 564 2873 617 2940; x_wconf 93' lang='lat' dir='ltr'><strong>sed</strong></span> <span class='ocrx_word' id='word_1_188' title='bbox 644 2877 740 2941; x_wconf 89' lang='lat' dir='ltr'><strong>etiam</strong></span> <span class='ocrx_word' id='word_1_189' title='bbox 770 2875 805 2939; x_wconf 90' lang='lat' dir='ltr'><strong>in</strong></span> <span class='ocrx_word' id='word_1_190' title='bbox 826 2876 932 2940; x_wconf 88' lang='lat' dir='ltr'><strong>futuro</strong></span> <span class='ocrx_word' id='word_1_191' title='bbox 954 2876 1047 2957; x_wconf 88' lang='lat' dir='ltr'><strong>atque</strong></span> <span class='ocrx_word' id='word_1_192' title='bbox 1070 2881 1230 2958; x_wconf 84' lang='lat' dir='ltr'><strong>perpetuo.</strong></span> <span class='ocrx_word' id='word_1_193' title='bbox 1266 2895 1340 2942; x_wconf 88' lang='lat' dir='ltr'><strong>nam</strong></span> <span class='ocrx_word' id='word_1_194' title='bbox 1365 2897 1448 2961; x_wconf 88' lang='lat' dir='ltr'><strong>oum,</strong></span> 
     </span>
     <span class='ocr_line' id='line_1_25' title="bbox 316 2978 1448 3062; baseline 0.005 -21"><span class='ocrx_word' id='word_1_195' title='bbox 316 2978 527 3060; x_wconf 77' lang='lat' dir='ltr'><strong>discriptum</strong></span> <span class='ocrx_word' id='word_1_196' title='bbox 555 2980 613 3057; x_wconf 88' lang='lat' dir='ltr'><strong>est,</strong></span> <span class='ocrx_word' id='word_1_197' title='bbox 641 2981 715 3045; x_wconf 86' lang='lat' dir='ltr'><strong>ante</strong></span> <span class='ocrx_word' id='word_1_198' title='bbox 743 2979 904 3045; x_wconf 88' lang='lat' dir='ltr'><strong>hominem</strong></span> <span class='ocrx_word' id='word_1_199' title='bbox 933 2981 1000 3044; x_wconf 88' lang='lat' dir='ltr'><strong>uita</strong></span> <span class='ocrx_word' id='word_1_200' title='bbox 1022 2979 1140 3062; x_wconf 84' lang='lat' dir='ltr'><strong>pariter</strong></span> <span class='ocrx_word' id='word_1_201' title='bbox 1162 2999 1198 3046; x_wconf 87' lang='lat' dir='ltr'><strong>ao</strong></span> <span class='ocrx_word' id='word_1_202' title='bbox 1219 2998 1302 3045; x_wconf 86' lang='lat' dir='ltr'><strong>mors</strong></span> <span class='ocrx_word' id='word_1_203' title='bbox 1325 2982 1393 3046; x_wconf 88' lang='lat' dir='ltr'><strong>sint</strong></span> <span class='ocrx_word' id='word_1_204' title='bbox 1417 2985 1448 3047; x_wconf 87' lang='lat' dir='ltr'><strong>ot</strong></span> 
     </span>
    </p>

    <p class='ocr_par' dir='ltr' id='par_1_8' title="bbox 315 3079 1482 3371">
     <span class='ocr_line' id='line_1_26' title="bbox 317 3079 1482 3168; baseline 0.005 -22"><span class='ocrx_word' id='word_1_205' title='bbox 317 3079 357 3146; x_wconf 88' lang='lat' dir='ltr'><strong>ad</strong></span> <span class='ocrx_word' id='word_1_206' title='bbox 385 3084 466 3163; x_wconf 89' lang='lat' dir='ltr'><strong>qnod</strong></span> <span class='ocrx_word' id='word_1_207' title='bbox 499 3081 572 3145; x_wconf 88' lang='lat' dir='ltr'><strong>uult</strong></span> <span class='ocrx_word' id='word_1_208' title='bbox 604 3099 733 3146; x_wconf 90' lang='lat' dir='ltr'><strong>manum</strong></span> <span class='ocrx_word' id='word_1_209' title='bbox 763 3081 912 3165; x_wconf 84' lang='lat' dir='ltr'><strong>porrigat,</strong></span> <span class='ocrx_word' id='word_1_210' title='bbox 941 3101 1069 3148; x_wconf 89' lang='lat' dir='ltr'><strong>ueoesse</strong></span> <span class='ocrx_word' id='word_1_211' title='bbox 1098 3087 1146 3146; x_wconf 87' lang='lat' dir='ltr'><strong>est</strong></span> <span class='ocrx_word' id='word_1_212' title='bbox 1168 3103 1206 3149; x_wconf 93' lang='lat' dir='ltr'><strong>ea</strong></span> <span class='ocrx_word' id='word_1_213' title='bbox 1234 3086 1482 3168; x_wconf 75' lang='lat' dir='ltr'><strong>unusquisquese</strong></span> 
     </span>
     <span class='ocr_line' id='line_1_27' title="bbox 315 3184 1449 3270; baseline 0.007 -22"><span class='ocrx_word' id='word_1_214' title='bbox 315 3184 481 3249; x_wconf 90' lang='lat' dir='ltr'><strong>hominum</strong></span> <span class='ocrx_word' id='word_1_215' title='bbox 502 3185 535 3250; x_wconf 89' lang='lat' dir='ltr'><strong>in</strong></span> <span class='ocrx_word' id='word_1_216' title='bbox 558 3185 743 3251; x_wconf 78' lang='lat' dir='ltr'><strong>aeternitate</strong></span> <span class='ocrx_word' id='word_1_217' title='bbox 772 3187 944 3268; x_wconf 87' lang='lat' dir='ltr'><strong>possideat,</strong></span> <span class='ocrx_word' id='word_1_218' title='bbox 968 3193 1055 3270; x_wconf 75' lang='lat' dir='ltr'><strong>&#39;quae</strong></span> <span class='ocrx_word' id='word_1_219' title='bbox 1076 3187 1129 3252; x_wconf 92' lang='lat' dir='ltr'><strong>hio</strong></span> <span class='ocrx_word' id='word_1_220' title='bbox 1157 3188 1249 3269; x_wconf 87' lang='lat' dir='ltr'><strong>quasi</strong></span> <span class='ocrx_word' id='word_1_221' title='bbox 1271 3207 1367 3252; x_wconf 85' lang='lat' dir='ltr'><strong>manu</strong></span> <span class='ocrx_word' id='word_1_222' title='bbox 1391 3208 1449 3256; x_wconf 85' lang='lat' dir='ltr'><strong>sua</strong></span> 
     </span>
     <span class='ocr_line' id='line_1_28' title="bbox 316 3288 1450 3371; baseline 0.004 -20"><span class='ocrx_word' id='word_1_223' title='bbox 316 3288 382 3371; x_wconf 84' lang='lat' dir='ltr'><strong>ipse</strong></span> <span class='ocrx_word' id='word_1_224' title='bbox 416 3289 594 3371; x_wconf 71' lang='lat' dir='ltr'><strong>parassent,</strong></span> <span class='ocrx_word' id='word_1_225' title='bbox 629 3289 846 3370; x_wconf 86' lang='lat' dir='ltr'><strong>uoluntatique</strong></span> <span class='ocrx_word' id='word_1_226' title='bbox 876 3305 913 3352; x_wconf 88' lang='lat' dir='ltr'><strong>ao</strong></span> <span class='ocrx_word' id='word_1_227' title='bbox 941 3289 1117 3355; x_wconf 87' lang='lat' dir='ltr'><strong>sententiae</strong></span> <span class='ocrx_word' id='word_1_228' title='bbox 1144 3308 1219 3354; x_wconf 87' lang='lat' dir='ltr'><strong>suae</strong></span> <span class='ocrx_word' id='word_1_229' title='bbox 1250 3290 1374 3356; x_wconf 89' lang='lat' dir='ltr'><strong>deditus</strong></span> <span class='ocrx_word' id='word_1_230' title='bbox 1398 3291 1450 3356; x_wconf 87' lang='lat' dir='ltr'><strong>his</strong></span> 
     </span>
    </p>

    <p class='ocr_par' dir='ltr' id='par_1_9' title="bbox 315 3390 1403 3474">
     <span class='ocr_line' id='line_1_29' title="bbox 315 3390 1403 3474; baseline 0.003 -21"><span class='ocrx_word' id='word_1_231' title='bbox 315 3391 350 3454; x_wconf 89' lang='lat' dir='ltr'><strong>in</strong></span> <span class='ocrx_word' id='word_1_232' title='bbox 374 3391 480 3456; x_wconf 89' lang='lat' dir='ltr'><strong>futuro</strong></span> <span class='ocrx_word' id='word_1_233' title='bbox 504 3392 672 3456; x_wconf 87' lang='lat' dir='ltr'><strong>adhaereat</strong></span> <span class='ocrx_word' id='word_1_234' title='bbox 689 3391 880 3470; x_wconf 72' lang='lat' dir='ltr'><strong>condidere,</strong></span> <span class='ocrx_word' id='word_1_235' title='bbox 903 3390 1017 3474; x_wconf 86' lang='lat' dir='ltr'><strong>quibus</strong></span> <span class='ocrx_word' id='word_1_236' title='bbox 1041 3391 1092 3456; x_wconf 90' lang='lat' dir='ltr'><strong>hie</strong></span> <span class='ocrx_word' id='word_1_237' title='bbox 1113 3392 1256 3458; x_wconf 88' lang='lat' dir='ltr'><strong>adhaesit</strong></span> <span class='ocrx_word' id='word_1_238' title='bbox 1278 3393 1403 3458; x_wconf 84' lang='lat' dir='ltr'><strong>affeetu.</strong></span> 
     </span>
    </p>

    <p class='ocr_par' dir='ltr' id='par_1_10' title="bbox 284 3491 1485 3694">
     <span class='ocr_line' id='line_1_30' title="bbox 284 3491 1449 3582; baseline 0.001 -20"><span class='ocrx_word' id='word_1_239' title='bbox 284 3497 306 3562; x_wconf 87' lang='grc'><strong>8</strong></span> <span class='ocrx_word' id='word_1_240' title='bbox 358 3491 400 3559; x_wconf 84' lang='lat' dir='ltr'><strong>IL</strong></span> <span class='ocrx_word' id='word_1_241' title='bbox 430 3492 491 3560; x_wconf 85' lang='lat' dir='ltr'><strong>Sed</strong></span> <span class='ocrx_word' id='word_1_242' title='bbox 513 3495 660 3559; x_wconf 79' lang='lat' dir='ltr'><strong>uidelicet</strong></span> <span class='ocrx_word' id='word_1_243' title='bbox 681 3497 837 3559; x_wconf 89' lang='lat' dir='ltr'><strong>immunes</strong></span> <span class='ocrx_word' id='word_1_244' title='bbox 853 3513 885 3558; x_wconf 88' lang='lat' dir='ltr'><strong>se</strong></span> <span class='ocrx_word' id='word_1_245' title='bbox 899 3497 938 3560; x_wconf 87' lang='lat' dir='ltr'><strong>ab</strong></span> <span class='ocrx_word' id='word_1_246' title='bbox 960 3495 1019 3558; x_wconf 91' lang='lat' dir='ltr'><strong>hoe</strong></span> <span class='ocrx_word' id='word_1_247' title='bbox 1033 3494 1155 3576; x_wconf 81' lang='lat' dir='ltr'><strong>piaculo</strong></span> <span class='ocrx_word' id='word_1_248' title='bbox 1178 3495 1305 3579; x_wconf 90' lang='lat' dir='ltr'><strong>quidam</strong></span> <span class='ocrx_word' id='word_1_249' title='bbox 1322 3499 1449 3582; x_wconf 83' lang='lat' dir='ltr'><strong>putent,</strong></span> 
     </span>
     <span class='ocr_line' id='line_1_31' title="bbox 317 3596 1485 3694; baseline 0.005 -33"><span class='ocrx_word' id='word_1_250' title='bbox 317 3599 370 3680; x_wconf 91' lang='lat' dir='ltr'><strong>qui</strong></span> <span class='ocrx_word' id='word_1_251' title='bbox 392 3596 524 3663; x_wconf 78' lang='lat' dir='ltr'><strong>fortasse</strong></span> <span class='ocrx_word' id='word_1_252' title='bbox 547 3616 658 3664; x_wconf 88' lang='lat' dir='ltr'><strong>aurum</strong></span> <span class='ocrx_word' id='word_1_253' title='bbox 681 3617 718 3664; x_wconf 90' lang='lat' dir='ltr'><strong>ao</strong></span> <span class='ocrx_word' id='word_1_254' title='bbox 745 3597 911 3694; x_wconf 79' lang='lat' dir='ltr'><strong>facultates</strong></span> <span class='ocrx_word' id='word_1_255' title='bbox 934 3600 1060 3664; x_wconf 84' lang='lat' dir='ltr'><strong>suasio</strong></span> <span class='ocrx_word' id='word_1_256' title='bbox 1083 3600 1166 3664; x_wconf 88' lang='lat' dir='ltr'><strong>terra</strong></span> <span class='ocrx_word' id='word_1_257' title='bbox 1188 3619 1251 3666; x_wconf 88' lang='lat' dir='ltr'><strong>non</strong></span> <span class='ocrx_word' id='word_1_258' title='bbox 1272 3598 1392 3666; x_wconf 88' lang='lat' dir='ltr'><strong>habent</strong></span> <span class='ocrx_word' id='word_1_259' title='bbox 1415 3607 1485 3667; x_wconf 85' lang='lat' dir='ltr'><strong>eteo</strong></span> 
     </span>
    </p>
   </div>
   <div class='ocr_carea' id='block_1_3' title="bbox 416 3756 959 3836">
    <p class='ocr_par' dir='ltr' id='par_1_11' title="bbox 416 3756 959 3836">
     <span class='ocr_line' id='line_1_32' title="bbox 416 3756 959 3836; baseline 0.004 -15"><span class='ocrx_word' id='word_1_260' title='bbox 416 3756 514 3824; x_wconf 75' lang='lat' dir='ltr'><strong>anet.</strong></span> <span class='ocrx_word' id='word_1_261' title='bbox 530 3769 555 3835; x_wconf 85' lang='lat'><strong>4,</strong></span> <span class='ocrx_word' id='word_1_262' title='bbox 574 3768 608 3822; x_wconf 83' lang='lat'><strong>32</strong></span> <span class='ocrx_word' id='word_1_263' title='bbox 712 3769 745 3822; x_wconf 84' lang='lat'><strong>18</strong></span> <span class='ocrx_word' id='word_1_264' title='bbox 763 3767 862 3822; x_wconf 78' lang='lat' dir='ltr'><strong>naueh.</strong></span> <span class='ocrx_word' id='word_1_265' title='bbox 883 3769 959 3836; x_wconf 82' lang='lat' dir='ltr'><strong>1o,2</strong></span> 
     </span>
    </p>
   </div>
   <div class='ocr_carea' id='block_1_4' title="bbox 304 3920 1450 4411">
    <p class='ocr_par' dir='ltr' id='par_1_12' title="bbox 304 3920 1450 4411">
     <span class='ocr_line' id='line_1_33' title="bbox 367 3920 1450 3994; baseline 0 -17"><span class='ocrx_word' id='word_1_266' title='bbox 367 3924 380 3977; x_wconf 94' lang='lat'>1</span> <span class='ocrx_word' id='word_1_267' title='bbox 406 3923 502 3991; x_wconf 76' lang='lat' dir='ltr'><strong>eximie</strong></span> <span class='ocrx_word' id='word_1_268' title='bbox 525 3921 610 3991; x_wconf 80' lang='lat' dir='ltr'><strong>forme</strong></span> <span class='ocrx_word' id='word_1_269' title='bbox 630 3923 678 3990; x_wconf 77' lang='lat' dir='ltr'><strong>tue</strong></span> <span class='ocrx_word' id='word_1_270' title='bbox 702 3922 730 3976; x_wconf 91' lang='lat' dir='ltr'><em>B</em></span> <span class='ocrx_word' id='word_1_271' title='bbox 832 3920 1025 3977; x_wconf 72' lang='lat' dir='ltr'><strong>arideorum</strong></span> <span class='ocrx_word' id='word_1_272' title='bbox 1048 3923 1164 3994; x_wconf 75' lang='lat' dir='ltr'><strong>epicum]</strong></span> <span class='ocrx_word' id='word_1_273' title='bbox 1187 3923 1238 3979; x_wconf 82' lang='lat' dir='ltr'><strong>hoo</strong></span> <span class='ocrx_word' id='word_1_274' title='bbox 1260 3924 1319 3979; x_wconf 85' lang='lat' dir='ltr'><strong>loeo</strong></span> <span class='ocrx_word' id='word_1_275' title='bbox 1343 3925 1450 3994; x_wconf 73' lang='lat' dir='ltr'><strong>eyreye&#39;e</strong></span> 
     </span>
     <span class='ocr_line' id='line_1_34' title="bbox 310 4007 1449 4079; baseline 0 -15"><span class='ocrx_word' id='word_1_276' title='bbox 310 4007 434 4076; x_wconf 61' lang='lat' dir='ltr'><strong>firmiter</strong></span> <span class='ocrx_word' id='word_1_277' title='bbox 457 4009 583 4065; x_wconf 69' lang='lat' dir='ltr'><strong>Honesti</strong></span> <span class='ocrx_word' id='word_1_278' title='bbox 608 4008 771 4064; x_wconf 74' lang='lat' dir='ltr'><strong>coniectura</strong></span> <span class='ocrx_word' id='word_1_279' title='bbox 793 4007 828 4062; x_wconf 80' lang='lat' dir='ltr'><strong>de</strong></span> <span class='ocrx_word' id='word_1_280' title='bbox 847 4009 908 4079; x_wconf 72' lang='lat' dir='ltr'><strong>oreb.</strong></span> <span class='ocrx_word' id='word_1_281' title='bbox 932 4008 1005 4064; x_wconf 72' lang='lat'><strong>143</strong></span> <span class='ocrx_word' id='word_1_282' title='bbox 1031 4025 1066 4064; x_wconf 79' lang='lat' dir='ltr'><strong>ea</strong></span> <span class='ocrx_word' id='word_1_283' title='bbox 1088 4025 1144 4079; x_wconf 68' lang='lat' dir='ltr'><strong>uota</strong></span> <span class='ocrx_word' id='word_1_284' title='bbox 1163 4010 1251 4079; x_wconf 79' lang='lat' dir='ltr'><strong>apices</strong></span> <span class='ocrx_word' id='word_1_285' title='bbox 1270 4008 1449 4078; x_wconf 61' lang='lat' dir='ltr'><strong>prorupisses</strong></span> 
     </span>
     <span class='ocr_line' id='line_1_35' title="bbox 311 4095 1378 4165; baseline -0.001 -15"><span class='ocrx_word' id='word_1_286' title='bbox 311 4095 475 4164; x_wconf 66' lang='lat' dir='ltr'><strong>smpsimus</strong></span> <span class='ocrx_word' id='word_1_287' title='bbox 576 4095 595 4149; x_wconf 83' lang='lat'>4</span> <span class='ocrx_word' id='word_1_288' title='bbox 608 4101 674 4164; x_wconf 76' lang='lat' dir='ltr'><strong>post</strong></span> <span class='ocrx_word' id='word_1_289' title='bbox 691 4110 735 4150; x_wconf 83' lang='lat' dir='ltr'><strong>eor</strong></span> <span class='ocrx_word' id='word_1_290' title='bbox 751 4095 779 4148; x_wconf 81' lang='lat' dir='ltr'><strong><em>A</em></strong></span> <span class='ocrx_word' id='word_1_291' title='bbox 796 4095 829 4149; x_wconf 79' lang='lat' dir='ltr'><strong>io</strong></span> <span class='ocrx_word' id='word_1_292' title='bbox 846 4111 898 4165; x_wconf 74' lang='lat' dir='ltr'><strong>my.</strong></span> <span class='ocrx_word' id='word_1_293' title='bbox 915 4111 950 4151; x_wconf 89' lang='lat' dir='ltr'><strong>m.</strong></span> <span class='ocrx_word' id='word_1_294' title='bbox 967 4097 988 4150; x_wconf 76' lang='lat'><em>2</em></span> <span class='ocrx_word' id='word_1_295' title='bbox 1005 4111 1102 4159; x_wconf 81' lang='grc' dir='ltr'><strong>ιιιιιιιιι,</strong></span> <span class='ocrx_word' id='word_1_296' title='bbox 1126 4096 1200 4165; x_wconf 63' lang='lat' dir='ltr'><strong>quood</strong></span> <span class='ocrx_word' id='word_1_297' title='bbox 1218 4101 1281 4164; x_wconf 74' lang='lat' dir='ltr'><strong>etp</strong></span> <span class='ocrx_word' id='word_1_298' title='bbox 1297 4095 1378 4150; x_wconf 78' lang='lat' dir='ltr'><strong>habet</strong></span> 
     </span>
     <span class='ocr_line' id='line_1_36' title="bbox 311 4179 1448 4253; baseline 0.002 -18"><span class='ocrx_word' id='word_1_299' title='bbox 311 4181 524 4252; x_wconf 77' lang='lat' dir='ltr'><strong>9&#39;propniisque</strong></span> <span class='ocrx_word' id='word_1_300' title='bbox 540 4197 562 4237; x_wconf 81' lang='lat' dir='ltr'><strong>e.</strong></span> <span class='ocrx_word' id='word_1_301' title='bbox 580 4199 597 4235; x_wconf 91' lang='lat' dir='ltr'><strong>u</strong></span> <span class='ocrx_word' id='word_1_302' title='bbox 615 4198 668 4238; x_wconf 80' lang='lat' dir='ltr'><strong>seo.</strong></span> <span class='ocrx_word' id='word_1_303' title='bbox 685 4198 701 4236; x_wconf 94' lang='lat' dir='ltr'><strong>o</strong></span> <span class='ocrx_word' id='word_1_304' title='bbox 718 4183 787 4236; x_wconf 65' lang='grc' dir='ltr'><em>Μ</em></span> <span class='ocrx_word' id='word_1_305' title='bbox 803 4179 859 4234; x_wconf 80' lang='grc' dir='ltr'><strong>ΑΒ</strong></span> <span class='ocrx_word' id='word_1_306' title='bbox 970 4183 1003 4238; x_wconf 83' lang='grc'><strong>13</strong></span> <span class='ocrx_word' id='word_1_307' title='bbox 1021 4183 1150 4238; x_wconf 85' lang='lat' dir='ltr'><strong>luctuosis</strong></span> <span class='ocrx_word' id='word_1_308' title='bbox 1168 4183 1229 4253; x_wconf 76' lang='lat' dir='ltr'><strong>(sie)</strong></span> <span class='ocrx_word' id='word_1_309' title='bbox 1247 4181 1275 4237; x_wconf 91' lang='grc' dir='ltr'><strong><em>Β</em></strong></span> <span class='ocrx_word' id='word_1_310' title='bbox 1292 4181 1340 4238; x_wconf 80' lang='lat' dir='ltr'><strong>eod</strong></span> <span class='ocrx_word' id='word_1_311' title='bbox 1356 4182 1395 4236; x_wconf 86' lang='lat' dir='ltr'><strong>sis</strong></span> <span class='ocrx_word' id='word_1_312' title='bbox 1413 4198 1448 4237; x_wconf 85' lang='lat' dir='ltr'><strong>m.</strong></span> 
     </span>
     <span class='ocr_line' id='line_1_37' title="bbox 304 4267 1446 4338; baseline -0.001 -17"><span class='ocrx_word' id='word_1_313' title='bbox 304 4267 367 4322; x_wconf 77' lang='lat' dir='ltr'><strong>&#39;ree</strong></span> <span class='ocrx_word' id='word_1_314' title='bbox 467 4267 948 4338; x_wconf 71' lang='lat' dir='ltr'><strong>idapeeibuss.isor.nm.2A</strong></span> <span class='ocrx_word' id='word_1_315' title='bbox 1042 4269 1184 4324; x_wconf 59' lang='lat' dir='ltr'><strong>mute:</strong></span> <span class='ocrx_word' id='word_1_316' title='bbox 1208 4267 1288 4324; x_wconf 84' lang='lat' dir='ltr'><strong>adB</strong></span> <span class='ocrx_word' id='word_1_317' title='bbox 1384 4270 1446 4324; x_wconf 77' lang='lat' dir='ltr'><strong>&amp;a</strong></span> 
     </span>
     <span class='ocr_line' id='line_1_38' title="bbox 311 4353 1225 4411; baseline 0.005 -5"><span class='ocrx_word' id='word_1_318' title='bbox 311 4368 367 4408; x_wconf 78' lang='lat' dir='ltr'><strong>ser.</strong></span> <span class='ocrx_word' id='word_1_319' title='bbox 382 4370 419 4408; x_wconf 78' lang='lat' dir='ltr'><strong>oa</strong></span> <span class='ocrx_word' id='word_1_320' title='bbox 437 4353 505 4408; x_wconf 78' lang='lat' dir='ltr'><strong>2‘ut</strong></span> <span class='ocrx_word' id='word_1_321' title='bbox 522 4355 550 4408; x_wconf 82' lang='lat' dir='ltr'><strong><em>A</em></strong></span> <span class='ocrx_word' id='word_1_322' title='bbox 652 4354 686 4408; x_wconf 80' lang='lat'><strong>29</strong></span> <span class='ocrx_word' id='word_1_323' title='bbox 705 4353 825 4407; x_wconf 87' lang='lat' dir='ltr'><strong>immune</strong></span> <span class='ocrx_word' id='word_1_324' title='bbox 842 4366 897 4408; x_wconf 82' lang='lat' dir='ltr'><strong>esse</strong></span> <span class='ocrx_word' id='word_1_325' title='bbox 914 4356 942 4409; x_wconf 88' lang='grc' dir='ltr'><strong><em>Β</em></strong></span> <span class='ocrx_word' id='word_1_326' title='bbox 1044 4354 1080 4408; x_wconf 83' lang='grc'><strong>30</strong></span> <span class='ocrx_word' id='word_1_327' title='bbox 1098 4355 1179 4410; x_wconf 87' lang='lat' dir='ltr'><strong>habet</strong></span> <span class='ocrx_word' id='word_1_328' title='bbox 1198 4357 1225 4411; x_wconf 87' lang='lat' dir='ltr'>B</span> 
     </span>
    </p>
   </div>
   <div class='ocr_carea' id='block_1_5' title="bbox 0 0 1544 5012">
    <p class='ocr_par' dir='ltr' id='par_1_13' title="bbox 0 0 1544 5012">
     <span class='ocr_line' id='line_1_39' title="bbox 0 0 1544 5012; baseline 0 0"><span class='ocrx_word' id='word_1_329' title='bbox 0 0 1544 5012; x_wconf 95' lang='lat' dir='ltr'><strong> </strong></span> 
     </span>
    </p>
   </div>
  </div>
 </body>
</html>
