<?xml version="1.0" encoding="UTF-8"?>
<!DOCTYPE html PUBLIC "-//W3C//DTD XHTML 1.0 Transitional//EN"
    "http://www.w3.org/TR/xhtml1/DTD/xhtml1-transitional.dtd">
<html xmlns="http://www.w3.org/1999/xhtml" xml:lang="en" lang="en">
 <head>
  <title>
</title>
<meta http-equiv="Content-Type" content="text/html;charset=utf-8" />
  <meta name='ocr-system' content='tesseract 3.04.00' />
  <meta name='ocr-capabilities' content='ocr_page ocr_carea ocr_par ocr_line ocrx_word'/>
</head>
<body>
  <div class='ocr_page' id='page_1' title='image "./corpusscriptoru14wissgoog_0042.png"; bbox 0 0 2972 5000; ppageno 0'>
   <div class='ocr_carea' id='block_1_1' title="bbox 428 389 1221 462">
    <p class='ocr_par' dir='ltr' id='par_1_1' title="bbox 428 389 1221 462">
     <span class='ocr_line' id='line_1_1' title="bbox 428 389 1221 462; baseline 0 -16"><span class='ocrx_word' id='word_1_1' title='bbox 428 390 465 446; x_wconf 92' lang='lat' dir='ltr'><strong>da</strong></span> <span class='ocrx_word' id='word_1_2' title='bbox 482 390 617 462; x_wconf 76' lang='lat' dir='ltr'><strong>gubern.</strong></span> <span class='ocrx_word' id='word_1_3' title='bbox 636 389 691 446; x_wconf 86' lang='lat' dir='ltr'><strong>del</strong></span> <span class='ocrx_word' id='word_1_4' title='bbox 708 389 723 446; x_wconf 93' lang='lat'><strong>1</strong></span> <span class='ocrx_word' id='word_1_5' title='bbox 740 393 756 456; x_wconf 61' lang='grc' dir='ltr'><em>ἃ</em></span> <span class='ocrx_word' id='word_1_6' title='bbox 774 390 885 446; x_wconf 82' lang='lat'><strong>35-40.</strong></span> <span class='ocrx_word' id='word_1_7' title='bbox 1181 395 1221 462; x_wconf 83' lang='lat'><strong>19</strong></span> 
     </span>
    </p>
   </div>
   <div class='ocr_carea' id='block_1_2' title="bbox 85 578 1269 873">
    <p class='ocr_par' dir='ltr' id='par_1_2' title="bbox 85 578 1269 873">
     <span class='ocr_line' id='line_1_2' title="bbox 86 578 1269 664; baseline 0.003 -17"><span class='ocrx_word' id='word_1_8' title='bbox 86 581 230 663; x_wconf 83' lang='lat' dir='ltr'><strong>puniam.</strong></span> <span class='ocrx_word' id='word_1_9' title='bbox 270 597 346 646; x_wconf 89' lang='lat' dir='ltr'><strong>enm</strong></span> <span class='ocrx_word' id='word_1_10' title='bbox 366 594 441 664; x_wconf 80' lang='lat' dir='ltr'><strong>ergo</strong></span> <span class='ocrx_word' id='word_1_11' title='bbox 462 579 525 644; x_wconf 86' lang='lat' dir='ltr'><strong>iste</strong></span> <span class='ocrx_word' id='word_1_12' title='bbox 546 578 693 655; x_wconf 74' lang='lat' dir='ltr'><strong>dixisset,</strong></span> <span class='ocrx_word' id='word_1_13' title='bbox 714 579 790 663; x_wconf 88' lang='lat' dir='ltr'><strong>quid</strong></span> <span class='ocrx_word' id='word_1_14' title='bbox 812 584 1014 648; x_wconf 88' lang='lat' dir='ltr'><strong>eonseontum</strong></span> <span class='ocrx_word' id='word_1_15' title='bbox 1036 584 1108 649; x_wconf 75' lang='lat' dir='ltr'><strong>esti</strong></span> <span class='ocrx_word' id='word_1_16' title='bbox 1143 582 1220 649; x_wconf 83' lang='lat' dir='ltr'><strong>mit·</strong></span> <span class='ocrx_word' id='word_1_17' title='bbox 1228 582 1269 650; x_wconf 86' lang='grc'><strong>38</strong></span> 
     </span>
     <span class='ocr_line' id='line_1_3' title="bbox 85 679 1219 768; baseline 0.001 -18"><span class='ocrx_word' id='word_1_18' title='bbox 85 687 199 750; x_wconf 84' lang='lat' dir='ltr'><strong>turtur</strong></span> <span class='ocrx_word' id='word_1_19' title='bbox 237 685 343 768; x_wconf 79' lang='lat' dir='ltr'><strong>angeli</strong></span> <span class='ocrx_word' id='word_1_20' title='bbox 376 679 553 761; x_wconf 72' lang='lat' dir='ltr'><strong>Sodomam,</strong></span> <span class='ocrx_word' id='word_1_21' title='bbox 586 681 825 764; x_wconf 82' lang='lat' dir='ltr'><strong>prolioiseuntur</strong></span> <span class='ocrx_word' id='word_1_22' title='bbox 857 681 1034 766; x_wconf 85' lang='lat' dir='ltr'><strong>introeunt,</strong></span> <span class='ocrx_word' id='word_1_23' title='bbox 1067 683 1219 752; x_wconf 87' lang='lat' dir='ltr'><strong>bonorum</strong></span> 
     </span>
     <span class='ocr_line' id='line_1_4' title="bbox 85 783 1220 873; baseline 0 -20"><span class='ocrx_word' id='word_1_24' title='bbox 85 788 238 856; x_wconf 86' lang='lat' dir='ltr'><strong>leuentur</strong></span> <span class='ocrx_word' id='word_1_25' title='bbox 261 787 363 853; x_wconf 86' lang='lat' dir='ltr'><strong>offleio</strong></span> <span class='ocrx_word' id='word_1_26' title='bbox 386 785 541 851; x_wconf 82' lang='lat' dir='ltr'><strong>mulorum</strong></span> <span class='ocrx_word' id='word_1_27' title='bbox 562 787 715 851; x_wconf 77' lang='lat' dir='ltr'><strong>nouantur</strong></span> <span class='ocrx_word' id='word_1_28' title='bbox 736 783 867 870; x_wconf 79' lang='lat' dir='ltr'><strong>iniuria3</strong></span> <span class='ocrx_word' id='word_1_29' title='bbox 901 789 1065 854; x_wconf 83' lang='lat' dir='ltr'><strong>oeeouutur</strong></span> <span class='ocrx_word' id='word_1_30' title='bbox 1086 787 1220 873; x_wconf 78' lang='lat' dir='ltr'>improbi</span> 
     </span>
    </p>
   </div>
   <div class='ocr_carea' id='block_1_3' title="bbox 8 887 1279 3140">
    <p class='ocr_par' dir='ltr' id='par_1_3' title="bbox 8 887 1279 3140">
     <span class='ocr_line' id='line_1_5' title="bbox 85 887 1279 972; baseline 0.002 -16"><span class='ocrx_word' id='word_1_31' title='bbox 85 891 256 956; x_wconf 83' lang='lat' dir='ltr'><strong>solneutun</strong></span> <span class='ocrx_word' id='word_1_32' title='bbox 276 889 376 972; x_wconf 85' lang='lat' dir='ltr'><strong>probi.</strong></span> <span class='ocrx_word' id='word_1_33' title='bbox 414 887 588 954; x_wconf 75' lang='lat' dir='ltr'><strong>letheum</strong></span> <span class='ocrx_word' id='word_1_34' title='bbox 610 887 774 954; x_wconf 80' lang='lat' dir='ltr'><strong>effeetibus</strong></span> <span class='ocrx_word' id='word_1_35' title='bbox 796 887 857 971; x_wconf 89' lang='lat' dir='ltr'><strong>piis</strong></span> <span class='ocrx_word' id='word_1_36' title='bbox 874 887 953 955; x_wconf 85' lang='lat' dir='ltr'><strong>urbe</strong></span> <span class='ocrx_word' id='word_1_37' title='bbox 974 889 1123 972; x_wconf 72' lang='lat' dir='ltr'><strong>eduntur,</strong></span> <span class='ocrx_word' id='word_1_38' title='bbox 1146 891 1220 958; x_wconf 85' lang='lat' dir='ltr'><strong>urbs</strong></span> <span class='ocrx_word' id='word_1_39' title='bbox 1271 895 1279 902; x_wconf 74' lang='grc'><em>“</em></span> 
     </span>
     <span class='ocr_line' id='line_1_6' title="bbox 66 975 1220 1076; baseline 0.007 -24"><span class='ocrx_word' id='word_1_40' title='bbox 66 1013 158 1060; x_wconf 78' lang='lat' dir='ltr'><strong>eoum</strong></span> <span class='ocrx_word' id='word_1_41' title='bbox 174 992 409 1060; x_wconf 72' lang='lat' dir='ltr'><strong>laniantibus</strong></span> <span class='ocrx_word' id='word_1_42' title='bbox 423 991 531 1075; x_wconf 87' lang='lat' dir='ltr'><strong>impiis</strong></span> <span class='ocrx_word' id='word_1_43' title='bbox 547 994 771 1058; x_wconf 84' lang='lat' dir='ltr'><strong>eonoremetur.</strong></span> <span class='ocrx_word' id='word_1_44' title='bbox 788 975 945 1076; x_wconf 74' lang='lat' dir='ltr'><strong>interrogo</strong></span> <span class='ocrx_word' id='word_1_45' title='bbox 961 992 1023 1074; x_wconf 80' lang='lat' dir='ltr'><strong>hio,</strong></span> <span class='ocrx_word' id='word_1_46' title='bbox 1037 996 1220 1062; x_wconf 75' lang='lat' dir='ltr'><strong>utrumnam</strong></span> 
     </span>
     <span class='ocr_line' id='line_1_7' title="bbox 87 1093 1220 1181; baseline 0 -19"><span class='ocrx_word' id='word_1_47' title='bbox 87 1097 163 1162; x_wconf 83' lang='lat' dir='ltr'><strong>deun</strong></span> <span class='ocrx_word' id='word_1_48' title='bbox 186 1113 226 1161; x_wconf 83' lang='lat' dir='ltr'><strong>ex</strong></span> <span class='ocrx_word' id='word_1_49' title='bbox 256 1093 373 1161; x_wconf 88' lang='lat' dir='ltr'><strong>iudieio</strong></span> <span class='ocrx_word' id='word_1_50' title='bbox 399 1095 500 1161; x_wconf 76' lang='lat' dir='ltr'><strong>melos</strong></span> <span class='ocrx_word' id='word_1_51' title='bbox 521 1113 562 1161; x_wconf 87' lang='lat' dir='ltr'><strong>an</strong></span> <span class='ocrx_word' id='word_1_52' title='bbox 589 1095 658 1160; x_wconf 88' lang='lat' dir='ltr'><strong>siue</strong></span> <span class='ocrx_word' id='word_1_53' title='bbox 679 1093 797 1162; x_wconf 90' lang='lat' dir='ltr'><strong>iudioio</strong></span> <span class='ocrx_word' id='word_1_54' title='bbox 817 1095 1047 1162; x_wconf 78' lang='lat' dir='ltr'><strong>eoneremarit&#39;?</strong></span> <span class='ocrx_word' id='word_1_55' title='bbox 1079 1098 1220 1181; x_wconf 82' lang='lat' dir='ltr'><strong>quisine</strong></span> 
     </span>
     <span class='ocr_line' id='line_1_8' title="bbox 88 1196 1219 1285; baseline 0.002 -21"><span class='ocrx_word' id='word_1_56' title='bbox 88 1198 203 1266; x_wconf 79' lang='lat' dir='ltr'><strong>indicio</strong></span> <span class='ocrx_word' id='word_1_57' title='bbox 228 1198 406 1265; x_wconf 84' lang='lat' dir='ltr'><strong>Sodomitus</strong></span> <span class='ocrx_word' id='word_1_58' title='bbox 431 1197 557 1281; x_wconf 88' lang='lat' dir='ltr'><strong>punitos</strong></span> <span class='ocrx_word' id='word_1_59' title='bbox 578 1215 598 1262; x_wconf 88' lang='lat' dir='ltr'><strong>a</strong></span> <span class='ocrx_word' id='word_1_60' title='bbox 619 1198 675 1263; x_wconf 93' lang='lat' dir='ltr'><strong>deo</strong></span> <span class='ocrx_word' id='word_1_61' title='bbox 698 1196 791 1276; x_wconf 90' lang='lat' dir='ltr'><strong>dioit,</strong></span> <span class='ocrx_word' id='word_1_62' title='bbox 818 1198 962 1282; x_wconf 82' lang='lat' dir='ltr'><strong>iniquum</strong></span> <span class='ocrx_word' id='word_1_63' title='bbox 984 1199 1079 1266; x_wconf 87' lang='lat' dir='ltr'><strong>deum</strong></span> <span class='ocrx_word' id='word_1_64' title='bbox 1100 1202 1219 1285; x_wconf 80' lang='lat' dir='ltr'><strong>arguit:</strong></span> 
     </span>
     <span class='ocr_line' id='line_1_9' title="bbox 90 1301 1220 1386; baseline 0.002 -18"><span class='ocrx_word' id='word_1_65' title='bbox 90 1305 116 1368; x_wconf 87' lang='lat' dir='ltr'><strong>si</strong></span> <span class='ocrx_word' id='word_1_66' title='bbox 142 1307 257 1370; x_wconf 78' lang='lat' dir='ltr'><strong>autem</strong></span> <span class='ocrx_word' id='word_1_67' title='bbox 291 1321 361 1367; x_wconf 87' lang='lat' dir='ltr'><strong>oum</strong></span> <span class='ocrx_word' id='word_1_68' title='bbox 394 1301 508 1367; x_wconf 89' lang='lat' dir='ltr'><strong>iudioie</strong></span> <span class='ocrx_word' id='word_1_69' title='bbox 540 1301 642 1366; x_wconf 75' lang='lat' dir='ltr'><strong>malos</strong></span> <span class='ocrx_word' id='word_1_70' title='bbox 675 1301 830 1386; x_wconf 79' lang='lat' dir='ltr'>perdidit,</span> <span class='ocrx_word' id='word_1_71' title='bbox 868 1302 1029 1370; x_wconf 83' lang='lat' dir='ltr'><strong>iudieauit.</strong></span> <span class='ocrx_word' id='word_1_72' title='bbox 1065 1303 1220 1370; x_wconf 88' lang='lat' dir='ltr'><strong>indieauit</strong></span> 
     </span>
     <span class='ocr_line' id='line_1_10' title="bbox 88 1401 1218 1488; baseline 0.001 -17"><span class='ocrx_word' id='word_1_73' title='bbox 88 1406 197 1488; x_wconf 85' lang='lat' dir='ltr'><strong>ntique</strong></span> <span class='ocrx_word' id='word_1_74' title='bbox 223 1408 258 1471; x_wconf 87' lang='lat' dir='ltr'><strong>et</strong></span> <span class='ocrx_word' id='word_1_75' title='bbox 280 1406 405 1488; x_wconf 88' lang='lat' dir='ltr'><strong>quidem</strong></span> <span class='ocrx_word' id='word_1_76' title='bbox 428 1403 492 1469; x_wconf 87' lang='lat' dir='ltr'><strong>iam</strong></span> <span class='ocrx_word' id='word_1_77' title='bbox 512 1403 603 1486; x_wconf 86' lang='lat' dir='ltr'><strong>quasi</strong></span> <span class='ocrx_word' id='word_1_78' title='bbox 625 1403 665 1469; x_wconf 86' lang='lat' dir='ltr'><strong>ad</strong></span> <span class='ocrx_word' id='word_1_79' title='bbox 682 1402 785 1468; x_wconf 78' lang='lat' dir='ltr'><strong>instsr</strong></span> <span class='ocrx_word' id='word_1_80' title='bbox 806 1401 905 1469; x_wconf 84' lang='lat' dir='ltr'><strong>futuri</strong></span> <span class='ocrx_word' id='word_1_81' title='bbox 927 1404 1036 1470; x_wconf 89' lang='lat' dir='ltr'><strong>iudioil</strong></span> <span class='ocrx_word' id='word_1_82' title='bbox 1057 1405 1218 1484; x_wconf 77' lang='lat' dir='ltr'><strong>iudicauit,</strong></span> 
     </span>
     <span class='ocr_line' id='line_1_11' title="bbox 57 1505 1219 1591; baseline -0.001 -16"><span class='ocrx_word' id='word_1_83' title='bbox 57 1525 159 1575; x_wconf 75' lang='lat' dir='ltr'><strong>naum</strong></span> <span class='ocrx_word' id='word_1_84' title='bbox 193 1508 283 1574; x_wconf 89' lang='lat' dir='ltr'><strong>enim</strong></span> <span class='ocrx_word' id='word_1_85' title='bbox 304 1508 344 1573; x_wconf 86' lang='lat' dir='ltr'><strong>ad</strong></span> <span class='ocrx_word' id='word_1_86' title='bbox 372 1505 561 1590; x_wconf 76' lang='lat' dir='ltr'><strong>supplitium</strong></span> <span class='ocrx_word' id='word_1_87' title='bbox 594 1506 749 1574; x_wconf 89' lang='lat' dir='ltr'><strong>malornm</strong></span> <span class='ocrx_word' id='word_1_88' title='bbox 781 1505 957 1591; x_wconf 86' lang='lat' dir='ltr'><strong>gehennam</strong></span> <span class='ocrx_word' id='word_1_89' title='bbox 984 1507 1019 1573; x_wconf 90' lang='lat' dir='ltr'><strong>iu</strong></span> <span class='ocrx_word' id='word_1_90' title='bbox 1041 1508 1147 1574; x_wconf 85' lang='lat' dir='ltr'><strong>future</strong></span> <span class='ocrx_word' id='word_1_91' title='bbox 1168 1527 1219 1576; x_wconf 82' lang='lat' dir='ltr'><strong>ar·</strong></span> 
     </span>
     <span class='ocr_line' id='line_1_12' title="bbox 88 1608 1219 1696; baseline -0.001 -19"><span class='ocrx_word' id='word_1_92' title='bbox 88 1629 195 1677; x_wconf 82' lang='lat' dir='ltr'><strong>surum</strong></span> <span class='ocrx_word' id='word_1_93' title='bbox 232 1628 297 1676; x_wconf 89' lang='lat' dir='ltr'><strong>esse</strong></span> <span class='ocrx_word' id='word_1_94' title='bbox 330 1610 533 1676; x_wconf 78' lang='lat' dir='ltr'><strong>manifestum</strong></span> <span class='ocrx_word' id='word_1_95' title='bbox 564 1609 620 1690; x_wconf 80' lang='lat' dir='ltr'><strong>sit,</strong></span> <span class='ocrx_word' id='word_1_96' title='bbox 654 1608 821 1676; x_wconf 80' lang='lat' dir='ltr'><strong>Sodomam</strong></span> <span class='ocrx_word' id='word_1_97' title='bbox 849 1610 954 1675; x_wconf 86' lang='lat' dir='ltr'><strong>antem</strong></span> <span class='ocrx_word' id='word_1_98' title='bbox 986 1613 1018 1677; x_wconf 89' lang='lat' dir='ltr'><strong>et</strong></span> <span class='ocrx_word' id='word_1_99' title='bbox 1047 1610 1167 1678; x_wconf 87' lang='lat' dir='ltr'><strong>uieinas</strong></span> <span class='ocrx_word' id='word_1_100' title='bbox 1190 1612 1219 1696; x_wconf 92' lang='lat' dir='ltr'><strong>ei</strong></span> 
     </span>
     <span class='ocr_line' id='line_1_13' title="bbox 88 1712 1270 1796; baseline 0.004 -17"><span class='ocrx_word' id='word_1_101' title='bbox 88 1714 182 1781; x_wconf 85' lang='lat' dir='ltr'><strong>urbes</strong></span> <span class='ocrx_word' id='word_1_102' title='bbox 206 1713 356 1780; x_wconf 78' lang='lat' dir='ltr'><strong>caelestis</strong></span> <span class='ocrx_word' id='word_1_103' title='bbox 378 1712 507 1778; x_wconf 85' lang='lat' dir='ltr'><strong>damma</strong></span> <span class='ocrx_word' id='word_1_104' title='bbox 528 1717 764 1796; x_wconf 88' lang='lat' dir='ltr'><strong>oonsumpserit.</strong></span> <span class='ocrx_word' id='word_1_105' title='bbox 790 1712 1000 1795; x_wconf 85' lang='lat' dir='ltr'><strong>inpraesenti</strong></span> <span class='ocrx_word' id='word_1_106' title='bbox 1020 1716 1126 1781; x_wconf 87' lang='lat' dir='ltr'><strong>autem</strong></span> <span class='ocrx_word' id='word_1_107' title='bbox 1140 1715 1219 1782; x_wconf 89' lang='lat' dir='ltr'><strong>illud</strong></span> <span class='ocrx_word' id='word_1_108' title='bbox 1228 1719 1270 1784; x_wconf 82' lang='lat'><strong>39</strong></span> 
     </span>
     <span class='ocr_line' id='line_1_14' title="bbox 88 1815 1220 1903; baseline 0.001 -20"><span class='ocrx_word' id='word_1_109' title='bbox 88 1818 169 1900; x_wconf 84' lang='lat' dir='ltr'><strong>quod</strong></span> <span class='ocrx_word' id='word_1_110' title='bbox 192 1817 341 1883; x_wconf 77' lang='lat' dir='ltr'><strong>futurum</strong></span> <span class='ocrx_word' id='word_1_111' title='bbox 361 1818 409 1882; x_wconf 89' lang='lat' dir='ltr'><strong>est</strong></span> <span class='ocrx_word' id='word_1_112' title='bbox 423 1817 500 1882; x_wconf 90' lang='lat' dir='ltr'><strong>deus</strong></span> <span class='ocrx_word' id='word_1_113' title='bbox 514 1816 616 1882; x_wconf 88' lang='lat' dir='ltr'><strong>uoluit</strong></span> <span class='ocrx_word' id='word_1_114' title='bbox 630 1815 790 1882; x_wconf 72' lang='lat' dir='ltr'><strong>deelarere</strong></span> <span class='ocrx_word' id='word_1_115' title='bbox 804 1816 967 1896; x_wconf 71' lang='lat' dir='ltr'><strong>indusium,</strong></span> <span class='ocrx_word' id='word_1_116' title='bbox 990 1819 1114 1901; x_wconf 86' lang='lat' dir='ltr'><strong>quando</strong></span> <span class='ocrx_word' id='word_1_117' title='bbox 1129 1835 1220 1903; x_wconf 88' lang='lat' dir='ltr'><strong>super</strong></span> 
     </span>
     <span class='ocr_line' id='line_1_15' title="bbox 86 1918 1220 2004; baseline 0.003 -20"><span class='ocrx_word' id='word_1_118' title='bbox 86 1921 224 2004; x_wconf 89' lang='lat' dir='ltr'><strong>impium</strong></span> <span class='ocrx_word' id='word_1_119' title='bbox 241 1918 393 2003; x_wconf 88' lang='lat' dir='ltr'><strong>populum</strong></span> <span class='ocrx_word' id='word_1_120' title='bbox 406 1919 582 2002; x_wconf 83' lang='lat' dir='ltr'><strong>gehennam</strong></span> <span class='ocrx_word' id='word_1_121' title='bbox 597 1918 686 1984; x_wconf 83' lang='lat' dir='ltr'><strong>mieit</strong></span> <span class='ocrx_word' id='word_1_122' title='bbox 699 1937 718 1983; x_wconf 96' lang='lat' dir='ltr'><strong>e</strong></span> <span class='ocrx_word' id='word_1_123' title='bbox 731 1920 827 1995; x_wconf 85' lang='lat' dir='ltr'><strong>eaelo,</strong></span> <span class='ocrx_word' id='word_1_124' title='bbox 851 1919 934 1988; x_wconf 86' lang='lat' dir='ltr'><strong>siout</strong></span> <span class='ocrx_word' id='word_1_125' title='bbox 949 1922 1045 1988; x_wconf 66' lang='lat' dir='ltr'><strong>dom</strong></span> <span class='ocrx_word' id='word_1_126' title='bbox 1060 1923 1220 2004; x_wconf 80' lang='lat' dir='ltr'><strong>apostolus</strong></span> 
     </span>
     <span class='ocr_line' id='line_1_16' title="bbox 58 2021 1220 2107; baseline 0.005 -23"><span class='ocrx_word' id='word_1_127' title='bbox 58 2025 183 2104; x_wconf 74' lang='lat' dir='ltr'><strong>elisit,</strong></span> <span class='ocrx_word' id='word_1_128' title='bbox 214 2025 300 2107; x_wconf 85' lang='lat' dir='ltr'><strong>quod</strong></span> <span class='ocrx_word' id='word_1_129' title='bbox 327 2023 403 2088; x_wconf 91' lang='lat' dir='ltr'><strong>deus</strong></span> <span class='ocrx_word' id='word_1_130' title='bbox 431 2023 575 2089; x_wconf 75' lang='lat' dir='ltr'><strong>ciuitates</strong></span> <span class='ocrx_word' id='word_1_131' title='bbox 604 2022 770 2090; x_wconf 79' lang='lat' dir='ltr'><strong>Sodomam</strong></span> <span class='ocrx_word' id='word_1_132' title='bbox 798 2025 831 2089; x_wconf 88' lang='lat' dir='ltr'><strong>et</strong></span> <span class='ocrx_word' id='word_1_133' title='bbox 852 2021 1036 2090; x_wconf 82' lang='lat' dir='ltr'><strong>Gomorram</strong></span> <span class='ocrx_word' id='word_1_134' title='bbox 1063 2024 1220 2092; x_wconf 89' lang='lat' dir='ltr'><strong>euersiene</strong></span> 
     </span>
     <span class='ocr_line' id='line_1_17' title="bbox 87 2125 1220 2212; baseline 0.004 -19"><span class='ocrx_word' id='word_1_135' title='bbox 87 2127 252 2194; x_wconf 86' lang='lat' dir='ltr'><strong>damnarit</strong></span> <span class='ocrx_word' id='word_1_136' title='bbox 279 2126 456 2210; x_wconf 82' lang='lat' dir='ltr'><strong>exemplum</strong></span> <span class='ocrx_word' id='word_1_137' title='bbox 477 2143 595 2209; x_wconf 90' lang='lat' dir='ltr'><strong>ponens</strong></span> <span class='ocrx_word' id='word_1_138' title='bbox 617 2125 713 2208; x_wconf 91' lang='lat' dir='ltr'><strong>impie</strong></span> <span class='ocrx_word' id='word_1_139' title='bbox 735 2125 862 2205; x_wconf 81' lang='lat' dir='ltr'><strong>ueteris,</strong></span> <span class='ocrx_word' id='word_1_140' title='bbox 894 2128 1038 2209; x_wconf 84' lang='lat' dir='ltr'><strong>quamuis</strong></span> <span class='ocrx_word' id='word_1_141' title='bbox 1060 2127 1220 2212; x_wconf 84' lang='lat' dir='ltr'><strong>idipsum</strong></span> 
     </span>
     <span class='ocr_line' id='line_1_18' title="bbox 86 2228 1219 2316; baseline -0.003 -17"><span class='ocrx_word' id='word_1_142' title='bbox 86 2234 170 2316; x_wconf 89' lang='lat' dir='ltr'><strong>quod</strong></span> <span class='ocrx_word' id='word_1_143' title='bbox 192 2232 241 2299; x_wconf 79' lang='lat' dir='ltr'><strong>ibi</strong></span> <span class='ocrx_word' id='word_1_144' title='bbox 262 2232 369 2297; x_wconf 85' lang='lat' dir='ltr'><strong>aetum</strong></span> <span class='ocrx_word' id='word_1_145' title='bbox 392 2232 442 2295; x_wconf 91' lang='lat' dir='ltr'><strong>est</strong></span> <span class='ocrx_word' id='word_1_146' title='bbox 462 2231 533 2314; x_wconf 92' lang='lat' dir='ltr'><strong>plus</strong></span> <span class='ocrx_word' id='word_1_147' title='bbox 563 2228 707 2295; x_wconf 76' lang='lat' dir='ltr'><strong>habuerit</strong></span> <span class='ocrx_word' id='word_1_148' title='bbox 733 2228 962 2296; x_wconf 80' lang='lat' dir='ltr'><strong>misericordiae</strong></span> <span class='ocrx_word' id='word_1_149' title='bbox 988 2249 1082 2314; x_wconf 84' lang='lat' dir='ltr'><strong>quam</strong></span> <span class='ocrx_word' id='word_1_150' title='bbox 1103 2233 1219 2306; x_wconf 71' lang='lat' dir='ltr'><strong>seueri</strong></span> 
     </span>
     <span class='ocr_line' id='line_1_19' title="bbox 85 2330 1218 2417; baseline 0 -17"><span class='ocrx_word' id='word_1_151' title='bbox 85 2338 173 2402; x_wconf 85' lang='lat' dir='ltr'><strong>tatis.</strong></span> <span class='ocrx_word' id='word_1_152' title='bbox 221 2335 305 2417; x_wconf 88' lang='lat' dir='ltr'><strong>quod</strong></span> <span class='ocrx_word' id='word_1_153' title='bbox 337 2334 421 2399; x_wconf 90' lang='lat' dir='ltr'><strong>enim</strong></span> <span class='ocrx_word' id='word_1_154' title='bbox 453 2349 584 2415; x_wconf 88' lang='lat' dir='ltr'><strong>poenam</strong></span> <span class='ocrx_word' id='word_1_155' title='bbox 621 2335 687 2398; x_wconf 88' lang='lat' dir='ltr'><strong>tam</strong></span> <span class='ocrx_word' id='word_1_156' title='bbox 720 2331 774 2398; x_wconf 89' lang='lat' dir='ltr'><strong>diu</strong></span> <span class='ocrx_word' id='word_1_157' title='bbox 810 2330 952 2416; x_wconf 75' lang='lat' dir='ltr'><strong>distulit,</strong></span> <span class='ocrx_word' id='word_1_158' title='bbox 990 2333 1218 2400; x_wconf 82' lang='lat' dir='ltr'><strong>miserieordiae</strong></span> 
     </span>
     <span class='ocr_line' id='line_1_20' title="bbox 85 2434 1217 2522; baseline -0.003 -17"><span class='ocrx_word' id='word_1_159' title='bbox 85 2439 159 2522; x_wconf 88' lang='lat' dir='ltr'><strong>fuit,</strong></span> <span class='ocrx_word' id='word_1_160' title='bbox 188 2437 343 2516; x_wconf 81' lang='lat' dir='ltr'><strong>iustitiae,</strong></span> <span class='ocrx_word' id='word_1_161' title='bbox 374 2436 456 2520; x_wconf 91' lang='lat' dir='ltr'><strong>quod</strong></span> <span class='ocrx_word' id='word_1_162' title='bbox 484 2434 649 2519; x_wconf 85' lang='lat' dir='ltr'><strong>aliquando</strong></span> <span class='ocrx_word' id='word_1_163' title='bbox 678 2435 815 2518; x_wconf 83' lang='lat' dir='ltr'><strong>poninit.</strong></span> <span class='ocrx_word' id='word_1_164' title='bbox 850 2439 881 2502; x_wconf 89' lang='lat' dir='ltr'><strong>et</strong></span> <span class='ocrx_word' id='word_1_165' title='bbox 903 2436 973 2502; x_wconf 91' lang='lat' dir='ltr'><strong>ideo</strong></span> <span class='ocrx_word' id='word_1_166' title='bbox 996 2453 1068 2500; x_wconf 89' lang='lat' dir='ltr'><strong>oum</strong></span> <span class='ocrx_word' id='word_1_167' title='bbox 1090 2437 1217 2518; x_wconf 83' lang='lat' dir='ltr'><strong>angelos</strong></span> 
     </span>
     <span class='ocr_line' id='line_1_21' title="bbox 59 2537 1219 2622; baseline -0.003 -14"><span class='ocrx_word' id='word_1_168' title='bbox 59 2541 259 2608; x_wconf 64' lang='lat' dir='ltr'><strong>”Sodomam</strong></span> <span class='ocrx_word' id='word_1_169' title='bbox 283 2541 357 2606; x_wconf 88' lang='lat' dir='ltr'><strong>deus</strong></span> <span class='ocrx_word' id='word_1_170' title='bbox 379 2539 532 2618; x_wconf 81' lang='lat' dir='ltr'><strong>mitteret,</strong></span> <span class='ocrx_word' id='word_1_171' title='bbox 555 2539 613 2604; x_wconf 90' lang='lat' dir='ltr'><strong>hoe</strong></span> <span class='ocrx_word' id='word_1_172' title='bbox 626 2537 716 2604; x_wconf 88' lang='lat' dir='ltr'><strong>uobis</strong></span> <span class='ocrx_word' id='word_1_173' title='bbox 738 2538 868 2622; x_wconf 81' lang='lat' dir='ltr'><strong>probare</strong></span> <span class='ocrx_word' id='word_1_174' title='bbox 884 2538 994 2614; x_wconf 88' lang='lat' dir='ltr'><strong>uoluit,</strong></span> <span class='ocrx_word' id='word_1_175' title='bbox 1018 2539 1099 2621; x_wconf 91' lang='lat' dir='ltr'><strong>quod</strong></span> <span class='ocrx_word' id='word_1_176' title='bbox 1123 2540 1219 2605; x_wconf 86' lang='lat' dir='ltr'><strong>etiem</strong></span> 
     </span>
     <span class='ocr_line' id='line_1_22' title="bbox 86 2642 1219 2730; baseline -0.004 -18"><span class='ocrx_word' id='word_1_177' title='bbox 86 2647 187 2712; x_wconf 85' lang='lat' dir='ltr'><strong>malos</strong></span> <span class='ocrx_word' id='word_1_178' title='bbox 223 2645 350 2728; x_wconf 84' lang='lat' dir='ltr'><strong>puniret</strong></span> <span class='ocrx_word' id='word_1_179' title='bbox 381 2643 520 2709; x_wconf 86' lang='lat' dir='ltr'><strong>inuitus:</strong></span> <span class='ocrx_word' id='word_1_180' title='bbox 554 2642 675 2708; x_wconf 88' lang='lat' dir='ltr'><strong>seilioet</strong></span> <span class='ocrx_word' id='word_1_181' title='bbox 707 2643 758 2720; x_wconf 82' lang='lat' dir='ltr'><strong>ut,</strong></span> <span class='ocrx_word' id='word_1_182' title='bbox 793 2659 864 2708; x_wconf 82' lang='lat' dir='ltr'><strong>oum</strong></span> <span class='ocrx_word' id='word_1_183' title='bbox 892 2643 1065 2726; x_wconf 81' lang='lat' dir='ltr'><strong>legeremus</strong></span> <span class='ocrx_word' id='word_1_184' title='bbox 1092 2661 1171 2730; x_wconf 85' lang='lat' dir='ltr'><strong>quae</strong></span> <span class='ocrx_word' id='word_1_185' title='bbox 1200 2661 1219 2708; x_wconf 83' lang='lat' dir='ltr'><strong>u</strong></span> 
     </span>
     <span class='ocr_line' id='line_1_23' title="bbox 86 2745 1217 2830; baseline 0 -16"><span class='ocrx_word' id='word_1_186' title='bbox 86 2748 260 2814; x_wconf 85' lang='lat' dir='ltr'><strong>Sodomitis</strong></span> <span class='ocrx_word' id='word_1_187' title='bbox 283 2746 390 2830; x_wconf 79' lang='lat' dir='ltr'><strong>angeli</strong></span> <span class='ocrx_word' id='word_1_188' title='bbox 410 2745 614 2828; x_wconf 80' lang='lat' dir='ltr'><strong>pertulissent</strong></span> <span class='ocrx_word' id='word_1_189' title='bbox 642 2746 675 2809; x_wconf 91' lang='lat' dir='ltr'><strong>et</strong></span> <span class='ocrx_word' id='word_1_190' title='bbox 697 2746 874 2812; x_wconf 86' lang='lat' dir='ltr'><strong>uideremus</strong></span> <span class='ocrx_word' id='word_1_191' title='bbox 896 2745 1050 2812; x_wconf 81' lang='lat' dir='ltr'><strong>saelorum</strong></span> <span class='ocrx_word' id='word_1_192' title='bbox 1072 2747 1217 2814; x_wconf 87' lang='lat' dir='ltr'><strong>immani·</strong></span> 
     </span>
     <span class='ocr_line' id='line_1_24' title="bbox 85 2847 1218 2934; baseline 0 -18"><span class='ocrx_word' id='word_1_193' title='bbox 85 2854 189 2918; x_wconf 85' lang='lat' dir='ltr'><strong>tatem</strong></span> <span class='ocrx_word' id='word_1_194' title='bbox 224 2850 392 2916; x_wconf 90' lang='lat' dir='ltr'><strong>eriminum</strong></span> <span class='ocrx_word' id='word_1_195' title='bbox 425 2849 652 2934; x_wconf 83' lang='lat' dir='ltr'><strong>turpitudinem</strong></span> <span class='ocrx_word' id='word_1_196' title='bbox 686 2847 855 2914; x_wconf 90' lang='lat' dir='ltr'><strong>libidinum</strong></span> <span class='ocrx_word' id='word_1_197' title='bbox 882 2847 1116 2932; x_wconf 85' lang='lat' dir='ltr'><strong>obsoenitetem,</strong></span> <span class='ocrx_word' id='word_1_198' title='bbox 1146 2869 1218 2934; x_wconf 90' lang='lat' dir='ltr'><strong>pro·</strong></span> 
     </span>
     <span class='ocr_line' id='line_1_25' title="bbox 8 2951 1218 3038; baseline 0.001 -17"><span class='ocrx_word' id='word_1_199' title='bbox 8 2954 9 2984; x_wconf 67' lang='lat'><em>³</em></span> <span class='ocrx_word' id='word_1_200' title='bbox 85 2956 175 3021; x_wconf 81' lang='lat' dir='ltr'><strong>buret</strong></span> <span class='ocrx_word' id='word_1_201' title='bbox 195 2955 307 3038; x_wconf 86' lang='lat' dir='ltr'><strong>utique</strong></span> <span class='ocrx_word' id='word_1_202' title='bbox 330 2953 419 3020; x_wconf 91' lang='lat' dir='ltr'><strong>nobis</strong></span> <span class='ocrx_word' id='word_1_203' title='bbox 440 2955 531 3031; x_wconf 89' lang='lat' dir='ltr'><strong>deus,</strong></span> <span class='ocrx_word' id='word_1_204' title='bbox 563 2953 645 3034; x_wconf 82' lang='lat' dir='ltr'><strong>quod</strong></span> <span class='ocrx_word' id='word_1_205' title='bbox 667 2951 738 3034; x_wconf 90' lang='lat' dir='ltr'><strong>ipse</strong></span> <span class='ocrx_word' id='word_1_206' title='bbox 758 2969 809 3018; x_wconf 87' lang='lat' dir='ltr'><strong>eos</strong></span> <span class='ocrx_word' id='word_1_207' title='bbox 831 2951 968 3018; x_wconf 87' lang='lat' dir='ltr'><strong>noluerit</strong></span> <span class='ocrx_word' id='word_1_208' title='bbox 989 2955 1133 3034; x_wconf 88' lang='lat' dir='ltr'><strong>perdere,</strong></span> <span class='ocrx_word' id='word_1_209' title='bbox 1165 2957 1218 3022; x_wconf 92' lang='lat' dir='ltr'><strong>sed</strong></span> 
     </span>
     <span class='ocr_line' id='line_1_26' title="bbox 58 3056 590 3140; baseline -0.002 -19"><span class='ocrx_word' id='word_1_210' title='bbox 58 3058 150 3140; x_wconf 73' lang='lat' dir='ltr'><strong>seipsi</strong></span> <span class='ocrx_word' id='word_1_211' title='bbox 171 3056 363 3123; x_wconf 85' lang='lat' dir='ltr'><strong>extorserint</strong></span> <span class='ocrx_word' id='word_1_212' title='bbox 384 3057 423 3121; x_wconf 89' lang='lat' dir='ltr'><strong>ut</strong></span> <span class='ocrx_word' id='word_1_213' title='bbox 443 3056 590 3138; x_wconf 89' lang='lat' dir='ltr'><strong>perirent.</strong></span> 
     </span>
    </p>
   </div>
   <div class='ocr_carea' id='block_1_4' title="bbox 8 3175 1270 3365">
    <p class='ocr_par' dir='ltr' id='par_1_4' title="bbox 8 3175 1270 3365">
     <span class='ocr_line' id='line_1_27' title="bbox 8 3175 1270 3286; baseline 0 -43"><span class='ocrx_word' id='word_1_214' title='bbox 8 3253 9 3286; x_wconf 24' lang='grc'>1</span> <span class='ocrx_word' id='word_1_215' title='bbox 131 3177 240 3243; x_wconf 89' lang='lat' dir='ltr'><strong>VIIII.</strong></span> <span class='ocrx_word' id='word_1_216' title='bbox 253 3177 396 3276; x_wconf 33' lang='lat' dir='ltr'><strong>&#39;Possum</strong></span> <span class='ocrx_word' id='word_1_217' title='bbox 418 3178 580 3241; x_wconf 86' lang='lat' dir='ltr'><strong>innumera</strong></span> <span class='ocrx_word' id='word_1_218' title='bbox 602 3175 748 3258; x_wconf 85' lang='lat' dir='ltr'><strong>prolerre,</strong></span> <span class='ocrx_word' id='word_1_219' title='bbox 772 3176 828 3241; x_wconf 89' lang='lat' dir='ltr'><strong>sed</strong></span> <span class='ocrx_word' id='word_1_220' title='bbox 850 3192 968 3253; x_wconf 87' lang='lat' dir='ltr'><strong>uereor,</strong></span> <span class='ocrx_word' id='word_1_221' title='bbox 990 3193 1028 3240; x_wconf 91' lang='lat' dir='ltr'><strong>ne</strong></span> <span class='ocrx_word' id='word_1_222' title='bbox 1050 3175 1126 3240; x_wconf 89' lang='lat' dir='ltr'><strong>dum</strong></span> <span class='ocrx_word' id='word_1_223' title='bbox 1141 3177 1270 3243; x_wconf 74' lang='lat' dir='ltr'><strong>satiato</strong></span> 
     </span>
     <span class='ocr_line' id='line_1_28' title="bbox 8 3278 1217 3365; baseline -0.002 -19"><span class='ocrx_word' id='word_1_224' title='bbox 8 3294 9 3330; x_wconf 64' lang='lat'>1</span> <span class='ocrx_word' id='word_1_225' title='bbox 89 3299 156 3346; x_wconf 88' lang='lat' dir='ltr'><strong>rem</strong></span> <span class='ocrx_word' id='word_1_226' title='bbox 175 3282 310 3365; x_wconf 86' lang='lat' dir='ltr'><strong>probare</strong></span> <span class='ocrx_word' id='word_1_227' title='bbox 333 3280 476 3360; x_wconf 89' lang='lat' dir='ltr'><strong>nitimur,</strong></span> <span class='ocrx_word' id='word_1_228' title='bbox 500 3279 666 3346; x_wconf 84' lang='lat' dir='ltr'><strong>historiam</strong></span> <span class='ocrx_word' id='word_1_229' title='bbox 688 3281 823 3346; x_wconf 63' lang='lat' dir='ltr'><strong>manime</strong></span> <span class='ocrx_word' id='word_1_230' title='bbox 844 3279 1017 3345; x_wconf 87' lang='lat' dir='ltr'><strong>uideamur.</strong></span> <span class='ocrx_word' id='word_1_231' title='bbox 1039 3278 1161 3362; x_wconf 79' lang='lat' dir='ltr'><strong>Moyses</strong></span> <span class='ocrx_word' id='word_1_232' title='bbox 1182 3278 1217 3344; x_wconf 91' lang='lat' dir='ltr'><strong>in</strong></span> 
     </span>
    </p>
   </div>
   <div class='ocr_carea' id='block_1_5' title="bbox 191 3465 952 3534">
    <p class='ocr_par' dir='ltr' id='par_1_5' title="bbox 191 3465 952 3534">
     <span class='ocr_line' id='line_1_29' title="bbox 191 3465 952 3534; baseline -0.005 -10"><span class='ocrx_word' id='word_1_233' title='bbox 191 3470 207 3524; x_wconf 95' lang='lat' dir='ltr'><strong>l</strong></span> <span class='ocrx_word' id='word_1_234' title='bbox 227 3469 294 3524; x_wconf 78' lang='lat' dir='ltr'><strong>Gen.</strong></span> <span class='ocrx_word' id='word_1_235' title='bbox 313 3469 346 3523; x_wconf 87' lang='grc'><strong>19</strong></span> <span class='ocrx_word' id='word_1_236' title='bbox 449 3465 602 3526; x_wconf 79' lang='lat' dir='ltr'><strong>1511Pet.</strong></span> <span class='ocrx_word' id='word_1_237' title='bbox 621 3467 646 3534; x_wconf 78' lang='lat'><strong>2,</strong></span> <span class='ocrx_word' id='word_1_238' title='bbox 664 3468 681 3522; x_wconf 83' lang='lat'><strong>6</strong></span> <span class='ocrx_word' id='word_1_239' title='bbox 783 3466 817 3521; x_wconf 77' lang='lat'><strong>27</strong></span> <span class='ocrx_word' id='word_1_240' title='bbox 834 3466 952 3521; x_wconf 67' lang='lat' dir='ltr'><strong>Exodi»</strong></span> 
     </span>
    </p>
   </div>
   <div class='ocr_carea' id='block_1_6' title="bbox 8 3634 1219 4384">
    <p class='ocr_par' dir='ltr' id='par_1_6' title="bbox 8 3634 1150 3704">
     <span class='ocr_line' id='line_1_30' title="bbox 8 3634 1150 3704; baseline 0 -15"><span class='ocrx_word' id='word_1_241' title='bbox 8 3689 9 3704; x_wconf 13' lang='grc' dir='ltr'>χ</span> <span class='ocrx_word' id='word_1_242' title='bbox 139 3636 157 3689; x_wconf 83' lang='lat'>4</span> <span class='ocrx_word' id='word_1_243' title='bbox 183 3635 246 3690; x_wconf 87' lang='lat' dir='ltr'><strong>loht</strong></span> <span class='ocrx_word' id='word_1_244' title='bbox 272 3636 300 3690; x_wconf 91' lang='grc' dir='ltr'><strong><em>Β</em></strong></span> <span class='ocrx_word' id='word_1_245' title='bbox 404 3637 421 3690; x_wconf 87' lang='grc'>5</span> <span class='ocrx_word' id='word_1_246' title='bbox 445 3637 627 3692; x_wconf 85' lang='lat' dir='ltr'><strong>oenoremstur</strong></span> <span class='ocrx_word' id='word_1_247' title='bbox 645 3634 738 3704; x_wconf 90' lang='lat' dir='ltr'><strong>impiis</strong></span> <span class='ocrx_word' id='word_1_248' title='bbox 761 3635 789 3689; x_wconf 91' lang='grc' dir='ltr'><strong><em>Β</em></strong></span> <span class='ocrx_word' id='word_1_249' title='bbox 892 3635 938 3688; x_wconf 89' lang='lat' dir='ltr'><strong>hio</strong></span> <span class='ocrx_word' id='word_1_250' title='bbox 956 3635 984 3690; x_wconf 96' lang='grc' dir='ltr'><strong><em>Β</em></strong></span> <span class='ocrx_word' id='word_1_251' title='bbox 1002 3651 1022 3689; x_wconf 88' lang='lat' dir='ltr'><strong>e.</strong></span> <span class='ocrx_word' id='word_1_252' title='bbox 1041 3636 1059 3689; x_wconf 80' lang='lat' dir='ltr'><strong>l.</strong></span> <span class='ocrx_word' id='word_1_253' title='bbox 1077 3651 1112 3688; x_wconf 89' lang='lat' dir='ltr'><strong>m.</strong></span> <span class='ocrx_word' id='word_1_254' title='bbox 1130 3637 1150 3689; x_wconf 77' lang='lat'><em>2</em></span> 
     </span>
    </p>

    <p class='ocr_par' dir='ltr' id='par_1_7' title="bbox 8 3717 1219 4384">
     <span class='ocr_line' id='line_1_31' title="bbox 8 3717 1219 3792; baseline -0.001 -15"><span class='ocrx_word' id='word_1_255' title='bbox 8 3717 9 3740; x_wconf 65' lang='lat'>³</span> <span class='ocrx_word' id='word_1_256' title='bbox 89 3724 122 3777; x_wconf 90' lang='grc'><strong>10</strong></span> <span class='ocrx_word' id='word_1_257' title='bbox 139 3723 214 3777; x_wconf 91' lang='lat' dir='ltr'><strong>enim</strong></span> <span class='ocrx_word' id='word_1_258' title='bbox 232 3723 299 3784; x_wconf 79' lang='lat' dir='ltr'><strong>fort.</strong></span> <span class='ocrx_word' id='word_1_259' title='bbox 317 3737 351 3777; x_wconf 78' lang='lat' dir='ltr'><strong>ea</strong></span> <span class='ocrx_word' id='word_1_260' title='bbox 369 3738 429 3776; x_wconf 90' lang='lat' dir='ltr'><strong>oum</strong></span> <span class='ocrx_word' id='word_1_261' title='bbox 447 3722 518 3791; x_wconf 76' lang='lat' dir='ltr'><strong>quod</strong></span> <span class='ocrx_word' id='word_1_262' title='bbox 530 3722 675 3792; x_wconf 79' lang='lat' dir='ltr'><strong>praeeedit</strong></span> <span class='ocrx_word' id='word_1_263' title='bbox 692 3721 876 3792; x_wconf 73' lang='lat' dir='ltr'><strong>ditteprapte‘o</strong></span> <span class='ocrx_word' id='word_1_264' title='bbox 889 3726 978 3776; x_wconf 65' lang='lat' dir='ltr'><strong>onam</strong></span> <span class='ocrx_word' id='word_1_265' title='bbox 997 3726 1051 3784; x_wconf 83' lang='lat' dir='ltr'><strong>est,·</strong></span> <span class='ocrx_word' id='word_1_266' title='bbox 1068 3719 1127 3777; x_wconf 76' lang='lat' dir='ltr'><strong>eid.</strong></span> <span class='ocrx_word' id='word_1_267' title='bbox 1139 3721 1219 3787; x_wconf 79' lang='lat' dir='ltr'><strong>infra</strong></span> 
     </span>
     <span class='ocr_line' id='line_1_32' title="bbox 88 3805 1217 3878; baseline -0.004 -14"><span class='ocrx_word' id='word_1_268' title='bbox 88 3809 125 3864; x_wconf 84' lang='lat' dir='ltr'><strong>od</strong></span> <span class='ocrx_word' id='word_1_269' title='bbox 142 3816 165 3875; x_wconf 65' lang='grc'><strong>9.</strong></span> <span class='ocrx_word' id='word_1_270' title='bbox 186 3812 225 3864; x_wconf 77' lang='grc'><strong>40</strong></span> <span class='ocrx_word' id='word_1_271' title='bbox 328 3807 470 3878; x_wconf 79' lang='lat' dir='ltr'><strong>suplicium</strong></span> <span class='ocrx_word' id='word_1_272' title='bbox 495 3805 523 3862; x_wconf 91' lang='lat' dir='ltr'><em>B</em></span> <span class='ocrx_word' id='word_1_273' title='bbox 626 3807 886 3878; x_wconf 77' lang='lat' dir='ltr'><strong>gehenne-arsura</strong></span> <span class='ocrx_word' id='word_1_274' title='bbox 903 3807 959 3861; x_wconf 89' lang='lat' dir='ltr'><strong>AB</strong></span> <span class='ocrx_word' id='word_1_275' title='bbox 980 3810 1051 3877; x_wconf 77' lang='lat' dir='ltr'><strong>gent</strong></span> <span class='ocrx_word' id='word_1_276' title='bbox 1069 3807 1094 3874; x_wconf 86' lang='lat' dir='ltr'><strong>(e</strong></span> <span class='ocrx_word' id='word_1_277' title='bbox 1112 3807 1151 3860; x_wconf 81' lang='lat' dir='ltr'><strong>lit.</strong></span> <span class='ocrx_word' id='word_1_278' title='bbox 1169 3807 1217 3861; x_wconf 80' lang='lat' dir='ltr'><strong>alt.</strong></span> 
     </span>
     <span class='ocr_line' id='line_1_33' title="bbox 88 3892 1151 3965; baseline -0.005 -15"><span class='ocrx_word' id='word_1_279' title='bbox 88 3911 108 3950; x_wconf 86' lang='lat' dir='ltr'><strong>s.</strong></span> <span class='ocrx_word' id='word_1_280' title='bbox 125 3898 191 3964; x_wconf 80' lang='lat' dir='ltr'><strong>ser.)</strong></span> <span class='ocrx_word' id='word_1_281' title='bbox 212 3909 372 3948; x_wconf 83' lang='lat' dir='ltr'><strong>-ersuram</strong></span> <span class='ocrx_word' id='word_1_282' title='bbox 390 3909 407 3948; x_wconf 84' lang='lat' dir='ltr'>v</span> <span class='ocrx_word' id='word_1_283' title='bbox 494 3894 525 3948; x_wconf 93' lang='lat' dir='ltr'><strong>ll</strong></span> <span class='ocrx_word' id='word_1_284' title='bbox 545 3897 636 3948; x_wconf 65' lang='lat' dir='ltr'><strong>numm</strong></span> <span class='ocrx_word' id='word_1_285' title='bbox 653 3895 680 3948; x_wconf 99' lang='lat' dir='ltr'><strong><em>A</em></strong></span> <span class='ocrx_word' id='word_1_286' title='bbox 694 3893 777 3963; x_wconf 80' lang='lat' dir='ltr'><strong>(quod</strong></span> <span class='ocrx_word' id='word_1_287' title='bbox 788 3893 928 3948; x_wconf 77' lang='lat' dir='ltr'><strong>Halmium</strong></span> <span class='ocrx_word' id='word_1_288' title='bbox 939 3893 1037 3965; x_wconf 57' lang='lat' dir='ltr'><strong>sapio:</strong></span> <span class='ocrx_word' id='word_1_289' title='bbox 1056 3907 1105 3946; x_wconf 88' lang='lat' dir='ltr'><strong>om.</strong></span> <span class='ocrx_word' id='word_1_290' title='bbox 1123 3892 1151 3946; x_wconf 91' lang='grc' dir='ltr'><strong><em>Β</em></strong></span> 
     </span>
     <span class='ocr_line' id='line_1_34' title="bbox 89 3978 1151 4048; baseline -0.002 -15"><span class='ocrx_word' id='word_1_291' title='bbox 89 3980 113 4033; x_wconf 89' lang='lat' dir='ltr'><strong>ei</strong></span> <span class='ocrx_word' id='word_1_292' title='bbox 124 3995 183 4035; x_wconf 80' lang='lat' dir='ltr'><strong>naon</strong></span> <span class='ocrx_word' id='word_1_293' title='bbox 194 3979 253 4034; x_wconf 89' lang='lat' dir='ltr'><strong>eius</strong></span> <span class='ocrx_word' id='word_1_294' title='bbox 266 3982 347 4034; x_wconf 79' lang='lat' dir='ltr'><strong>etiem</strong></span> <span class='ocrx_word' id='word_1_295' title='bbox 365 3979 393 4034; x_wconf 89' lang='grc' dir='ltr'><strong><em>Β</em></strong></span> <span class='ocrx_word' id='word_1_296' title='bbox 481 3980 514 4034; x_wconf 83' lang='grc'><strong>15</strong></span> <span class='ocrx_word' id='word_1_297' title='bbox 532 3993 684 4048; x_wconf 77' lang='lat' dir='ltr'><strong>gomorram</strong></span> <span class='ocrx_word' id='word_1_298' title='bbox 702 3981 729 4033; x_wconf 92' lang='lat' dir='ltr'><strong><em>A</em></strong></span> <span class='ocrx_word' id='word_1_299' title='bbox 816 3980 849 4034; x_wconf 88' lang='grc'><strong>16</strong></span> <span class='ocrx_word' id='word_1_300' title='bbox 867 3979 1024 4048; x_wconf 85' lang='lat' dir='ltr'><strong>dampnaret</strong></span> <span class='ocrx_word' id='word_1_301' title='bbox 1041 3978 1069 4031; x_wconf 90' lang='lat' dir='ltr'><strong><em>B</em></strong></span> <span class='ocrx_word' id='word_1_302' title='bbox 1087 3981 1151 4032; x_wconf 83' lang='lat' dir='ltr'><strong>aa1</strong></span> 
     </span>
     <span class='ocr_line' id='line_1_35' title="bbox 91 4062 1219 4136; baseline -0.003 -15"><span class='ocrx_word' id='word_1_303' title='bbox 91 4066 125 4122; x_wconf 86' lang='grc'><strong>18</strong></span> <span class='ocrx_word' id='word_1_304' title='bbox 143 4079 256 4135; x_wconf 76' lang='lat' dir='ltr'><strong>pesum</strong></span> <span class='ocrx_word' id='word_1_305' title='bbox 273 4081 364 4120; x_wconf 87' lang='lat' dir='ltr'><strong>eorum</strong></span> <span class='ocrx_word' id='word_1_306' title='bbox 381 4066 409 4119; x_wconf 94' lang='grc' dir='ltr'><strong><em>Β</em></strong></span> <span class='ocrx_word' id='word_1_307' title='bbox 428 4069 528 4134; x_wconf 85' lang='lat' dir='ltr'><strong>(eornm</strong></span> <span class='ocrx_word' id='word_1_308' title='bbox 540 4067 572 4119; x_wconf 75' lang='lat' dir='ltr'><strong>oto</strong></span> <span class='ocrx_word' id='word_1_309' title='bbox 582 4066 610 4119; x_wconf 81' lang='lat' dir='ltr'><strong><em>A</em></strong></span> <span class='ocrx_word' id='word_1_310' title='bbox 622 4065 711 4120; x_wconf 83' lang='lat' dir='ltr'><strong>deesse</strong></span> <span class='ocrx_word' id='word_1_311' title='bbox 723 4063 867 4120; x_wconf 78' lang='lat' dir='ltr'><strong>Holoaa&#39;oom</strong></span> <span class='ocrx_word' id='word_1_312' title='bbox 878 4064 961 4136; x_wconf 73' lang='lat' dir='ltr'><strong>sapit)</strong></span> <span class='ocrx_word' id='word_1_313' title='bbox 1047 4062 1082 4117; x_wconf 81' lang='lat'><strong>24</strong></span> <span class='ocrx_word' id='word_1_314' title='bbox 1100 4063 1146 4116; x_wconf 89' lang='lat' dir='ltr'><strong>sed</strong></span> <span class='ocrx_word' id='word_1_315' title='bbox 1164 4063 1219 4133; x_wconf 88' lang='lat' dir='ltr'><strong>ipsi</strong></span> 
     </span>
     <span class='ocr_line' id='line_1_36' title="bbox 90 4150 1219 4224; baseline -0.002 -18"><span class='ocrx_word' id='word_1_316' title='bbox 90 4153 242 4220; x_wconf 83' lang='lat' dir='ltr'><strong>-proferre</strong></span> <span class='ocrx_word' id='word_1_317' title='bbox 269 4154 296 4205; x_wconf 91' lang='lat' dir='ltr'><strong><em>A</em></strong></span> <span class='ocrx_word' id='word_1_318' title='bbox 322 4154 353 4206; x_wconf 81' lang='lat' dir='ltr'><strong>io</strong></span> <span class='ocrx_word' id='word_1_319' title='bbox 370 4169 420 4224; x_wconf 77' lang='lat' dir='ltr'><strong>nup.</strong></span> <span class='ocrx_word' id='word_1_320' title='bbox 443 4151 577 4218; x_wconf 70' lang='lat' dir='ltr'><strong>desertore</strong></span> <span class='ocrx_word' id='word_1_321' title='bbox 593 4153 711 4221; x_wconf 74' lang='lat' dir='ltr'><strong>antiquo</strong></span> <span class='ocrx_word' id='word_1_322' title='bbox 726 4167 813 4206; x_wconf 81' lang='lat' dir='ltr'><strong>mona</strong></span> <span class='ocrx_word' id='word_1_323' title='bbox 832 4159 856 4206; x_wconf 77' lang='lat' dir='ltr'><strong>et</strong></span> <span class='ocrx_word' id='word_1_324' title='bbox 873 4152 929 4206; x_wconf 77' lang='lat' dir='ltr'><strong>olto</strong></span> <span class='ocrx_word' id='word_1_325' title='bbox 946 4155 1099 4205; x_wconf 79' lang='lat' dir='ltr'><strong>atramento</strong></span> <span class='ocrx_word' id='word_1_326' title='bbox 1116 4150 1219 4218; x_wconf 72' lang='lat' dir='ltr'><strong>nortpto</strong></span> 
     </span>
     <span class='ocr_line' id='line_1_37' title="bbox 90 4235 1218 4306; baseline -0.004 -13"><span class='ocrx_word' id='word_1_327' title='bbox 90 4239 168 4294; x_wconf 81' lang='lat' dir='ltr'><strong>tutet</strong></span> <span class='ocrx_word' id='word_1_328' title='bbox 274 4239 309 4293; x_wconf 85' lang='grc'><strong>26</strong></span> <span class='ocrx_word' id='word_1_329' title='bbox 326 4239 390 4292; x_wconf 87' lang='lat' dir='ltr'><strong>dum</strong></span> <span class='ocrx_word' id='word_1_330' title='bbox 408 4239 437 4293; x_wconf 94' lang='grc' dir='ltr'><strong><em>Β</em></strong></span> <span class='ocrx_word' id='word_1_331' title='bbox 453 4255 474 4293; x_wconf 87' lang='lat' dir='ltr'><strong>e.</strong></span> <span class='ocrx_word' id='word_1_332' title='bbox 491 4239 510 4292; x_wconf 82' lang='lat' dir='ltr'><strong>l.</strong></span> <span class='ocrx_word' id='word_1_333' title='bbox 527 4243 591 4292; x_wconf 64' lang='grc' dir='ltr'><em>Μ</em></span> <span class='ocrx_word' id='word_1_334' title='bbox 608 4244 641 4292; x_wconf 83' lang='lat' dir='ltr'><strong>at</strong></span> <span class='ocrx_word' id='word_1_335' title='bbox 657 4239 714 4293; x_wconf 72' lang='lat' dir='ltr'><strong>aad.</strong></span> <span class='ocrx_word' id='word_1_336' title='bbox 812 4237 845 4291; x_wconf 80' lang='lat'><strong>27</strong></span> <span class='ocrx_word' id='word_1_337' title='bbox 864 4253 918 4292; x_wconf 85' lang='lat' dir='ltr'><strong>narn</strong></span> <span class='ocrx_word' id='word_1_338' title='bbox 937 4236 1059 4306; x_wconf 83' lang='lat' dir='ltr'><strong>probare]</strong></span> <span class='ocrx_word' id='word_1_339' title='bbox 1077 4235 1218 4305; x_wconf 89' lang='lat' dir='ltr'><strong>reprobare</strong></span> 
     </span>
     <span class='ocr_line' id='line_1_38' title="bbox 92 4321 1052 4384; baseline 0 -6"><span class='ocrx_word' id='word_1_340' title='bbox 92 4324 118 4378; x_wconf 92' lang='lat' dir='ltr'><strong><em>B</em></strong></span> <span class='ocrx_word' id='word_1_341' title='bbox 221 4325 368 4380; x_wconf 77' lang='lat' dir='ltr'><strong>retinemur</strong></span> <span class='ocrx_word' id='word_1_342' title='bbox 384 4324 432 4380; x_wconf 79' lang='lat' dir='ltr'><strong>ned</strong></span> <span class='ocrx_word' id='word_1_343' title='bbox 447 4337 482 4380; x_wconf 76' lang='lat' dir='ltr'><strong>m.</strong></span> <span class='ocrx_word' id='word_1_344' title='bbox 500 4339 554 4380; x_wconf 81' lang='lat' dir='ltr'><strong>ree.</strong></span> <span class='ocrx_word' id='word_1_345' title='bbox 565 4341 593 4384; x_wconf 79' lang='lat' dir='ltr'><strong>‚a</strong></span> <span class='ocrx_word' id='word_1_346' title='bbox 610 4340 663 4381; x_wconf 83' lang='lat' dir='ltr'><strong>scr.</strong></span> <span class='ocrx_word' id='word_1_347' title='bbox 681 4323 796 4378; x_wconf 84' lang='lat' dir='ltr'><strong>nitimur</strong></span> <span class='ocrx_word' id='word_1_348' title='bbox 812 4324 840 4378; x_wconf 91' lang='lat' dir='ltr'><strong><em>A</em></strong></span> <span class='ocrx_word' id='word_1_349' title='bbox 864 4321 1007 4378; x_wconf 87' lang='lat' dir='ltr'><strong>renitimur</strong></span> <span class='ocrx_word' id='word_1_350' title='bbox 1024 4323 1052 4378; x_wconf 89' lang='grc' dir='ltr'><strong><em>Β</em></strong></span> 
     </span>
    </p>
   </div>
   <div class='ocr_carea' id='block_1_7' title="bbox 1079 4423 1116 4477">
    <p class='ocr_par' dir='ltr' id='par_1_8' title="bbox 1079 4423 1116 4477">
     <span class='ocr_line' id='line_1_39' title="bbox 1079 4423 1116 4477; baseline 0 -24"><span class='ocrx_word' id='word_1_351' title='bbox 1079 4423 1116 4477; x_wconf 66' lang='lat'><strong>2*</strong></span> 
     </span>
    </p>
   </div>
   <div class='ocr_carea' id='block_1_8' title="bbox 0 0 1490 5000">
    <p class='ocr_par' dir='ltr' id='par_1_9' title="bbox 0 0 1490 5000">
     <span class='ocr_line' id='line_1_40' title="bbox 0 0 1490 5000; baseline 0 0"><span class='ocrx_word' id='word_1_352' title='bbox 0 0 1490 5000; x_wconf 95' lang='lat' dir='ltr'><strong> </strong></span> 
     </span>
    </p>
   </div>
  </div>
 </body>
</html>
