3096 5018
267 404 333 468 270
755 396 913 451 Saluiani

269 591 408 675 sparsi.
458 589 638 674 oportuit
682 605 772 670 ergo
809 589 846 650 te
889 584 1099 668 pecuniam
1142 603 1265 649 meam
1306 584 1397 649 dare

269 693 567 774 nummulariis,
614 693 653 755 et
690 709 760 773 ego
803 688 967 753 ueniens
1004 708 1086 753 oum
1123 687 1255 752 usuris
1292 705 1399 751 reos·

268 799 411 881 pissem
441 796 540 879 quod
567 813 691 858 meum
714 796 783 858 est.
821 792 962 857 tollite
985 793 1119 872 itaque
1142 791 1187 855 ab
1210 809 1250 855 eo
1272 789 1398 856 tolen-

268 905 349 965 tum
380 900 417 964 et
446 898 535 964 date
565 898 600 962 ei
629 898 694 980 qui
723 896 846 961 hebet
876 895 1006 960 deoem
1036 895 1204 959 talenta.
1241 913 1277 960 ao
1304 893 1398 976 paulo

268 1004 357 1085 post:
391 1003 430 1067 et
453 1019 607 1065 seruum
630 1017 793 1083 nequam
822 1000 997 1081 proieite
1019 999 1059 1064 in
1081 998 1271 1064 tenebras
1295 999 1434 1062 exte-e

238 1104 409 1188 4riores‚
447 1104 503 1169 ibi
540 1105 617 1168 erit
654 1102 778 1168 fletus
814 1103 854 1166 et
890 1101 1045 1166 stridor
1082 1101 1272 1165 dentium.
1317 1100 1398 1182 quod

268 1209 438 1274 tamenetsi
468 1208 563 1271 etiem
595 1206 635 1270 ad
665 1206 752 1270 eliud
782 1205 890 1269 reterri
912 1208 1024 1287 potest,
1058 1206 1163 1269 temen
1184 1204 1253 1268 loeo
1277 1221 1397 1286 quoque

269 1314 302 1376 et
324 1330 433 1376 oeusee
455 1309 528 1374 huie
550 1328 611 1374 non
632 1308 835 1373 insalubriter
859 1309 1031 1390 ooaptetur.
1062 1326 1134 1372 oum
1150 1307 1234 1373 enim
1250 1325 1399 1370 nummu·

249 1414 340 1480 ,larii
375 1413 539 1478 saluatoris
571 1431 722 1495 pauperes
751 1417 782 1476 et
816 1413 905 1495 egeni
937 1413 1021 1477 reete
1055 1411 1289 1495 intellegantur,
1326 1409 1400 1492 quia

268 1517 407 1600 peuunio,¹
431 1534 509 1599 quae
533 1515 650 1582 talibus
673 1513 878 1597 dispensatur,
903 1519 1044 1598 augetur,
1068 1533 1139 1580 eum
1161 1515 1265 1580 usuris
1282 1514 1435 1596 obsquero

268 1620 363 1686 dubio
379 1639 397 1684 a
412 1621 469 1684 deo
485 1619 627 1684 redditur
650 1620 800 1703 quidquid
817 1620 980 1701 egentibus
997 1620 1148 1702 erogatur.
1179 1617 1261 1684 unde
1276 1622 1308 1682 et
1323 1617 1399 1683 olibi

268 1724 405 1806 apertius
428 1722 495 1804 ipse
517 1724 659 1788 dominus
682 1722 870 1786 distribuere
892 1722 1007 1787 diuites
1029 1739 1101 1804 opes
1125 1722 1234 1786 mundi
1249 1723 1281 1784 et
1296 1720 1399 1786 faeere

268 1828 329 1891 sibi
363 1825 513 1902 sacculos,
548 1826 601 1908 qni
636 1843 698 1890 non
732 1827 934 1905 uetereseant‚
969 1825 1067 1890 iubet.
1105 1825 1159 1891 sed
1193 1828 1224 1889 et
1257 1824 1290 1888 in
1323 1841 1399 1888 uase

269 1929 427 1993 electionis
462 1945 537 1993 suae
569 1928 685 1993 ideireo
719 1927 928 2010 locupletibus
961 1927 1088 1993 diuitias
1122 1945 1141 1992 a
1173 1927 1297 1993 domino
1330 1927 1398 1992 dari

236 2031 396 2114 bindioet‚
419 2034 455 2095 ut
477 2030 559 2095 bono
583 2049 672 2113 opere
695 2030 861 2095 ditescant.
900 2031 933 2096 et
960 2032 1030 2097 ideo
1052 2035 1147 2098 etiam
1170 2049 1226 2115 ego
1248 2031 1434 2096 minimuses

269 2139 300 2200 et
331 2134 568 2218 indignissimus
606 2135 797 2200 famulorum
832 2137 880 2200 dei
913 2135 1052 2217 primum
1084 2153 1120 2200 ao
1154 2133 1398 2200 saluberrimum

267 2237 427 2320 religionis
451 2237 588 2302 otfioium
611 2257 677 2304 esse
700 2239 779 2316 dieo,
803 2242 839 2303 ut
855 2237 1053 2304 Christianus
1076 2238 1173 2316 diues,
1197 2241 1271 2303 dum
1291 2237 1324 2300 in
1338 2237 1396 2300 hae

267 2342 337 2406 uita
366 2344 422 2420 est,
453 2341 582 2405 diuitias
612 2341 721 2405 mundi
749 2342 841 2407 huius
868 2361 924 2424 pro
947 2341 996 2406 dei
1019 2342 1143 2406 nomine
1166 2346 1260 2424 atque
1282 2341 1397 2405 honore

268 2447 445 2522 oonsumat;
468 2443 638 2509 seeundum
662 2447 778 2522 autem,
800 2445 839 2508 ut
859 2445 887 2509 si
902 2445 933 2510 id
957 2447 1008 2509 uel
1030 2449 1117 2511 metu
1139 2446 1190 2509 uel
1212 2443 1397 2509 infirmitate

267 2548 319 2612 uel
351 2547 537 2611 necessitate
571 2547 677 2630 alique
709 2549 905 2630 praepeditus
939 2548 1019 2612 forte
1047 2564 1108 2613 non
1134 2548 1254 2624 feeerit,
1289 2547 1434 2612 saltimeo

267 2650 402 2714 moriens
425 2650 571 2714 uniuersa
593 2650 761 2731 dispenset.

237 2774 257 2838 6
311 2769 354 2834 ΙΙ.
385 2768 444 2834 Sed
476 2769 553 2844 dicit
582 2770 732 2836 tortasse:
766 2770 847 2835 filios
875 2771 984 2836 habeo.
1022 2771 1090 2836 iam·
1116 2773 1154 2836 de
1184 2771 1242 2836 hoe
1269 2770 1397 2853 quidem

267 2871 450 2954 principalis
474 2872 575 2938 libelli
597 2874 713 2960 pagina
736 2878 767 2938 et
790 2874 1018 2953 conuenientia,
1048 2876 1084 2938 ut
1106 2874 1248 2951 arbitror,
1280 2876 1311 2940 et
1333 2892 1395 2938 non

266 2991 366 3055 pauca
386 2975 582 3058 memorauit,
607 2977 745 3059 satisque
767 2977 806 3042 ed
828 2978 908 3042 hano
930 2997 996 3042 rem
1012 2978 1129 3042 domini
1152 2995 1253 3042 sermo
1274 2976 1397 3042 'suffieit

267 3077 388 3142 dicens:
422 3079 487 3160 qui
521 3081 625 3143 emet
659 3080 791 3144 filium
819 3085 885 3144 aut
913 3079 1044 3144 liliam
1073 3098 1190 3163 super
1218 3099 1291 3157 me,
1322 3098 1431 3144 nonae

266 3183 325 3244 est
347 3199 403 3245 me
426 3181 587 3263 dignus:
616 3182 671 3247 sed
699 3186 731 3276 et
753 3183 969 3266 propheticum
991 3183 1082 3261 illud,
1113 3183 1194 3266 quod
1218 3184 1273 3268 ait,
1296 3201 1395 3265 neque

265 3287 370 3364 patres
399 3303 454 3369 pro
483 3284 559 3349 filiis
588 3303 687 3368 neque
716 3285 797 3351 filios
828 3305 882 3369 pro
908 3289 1090 3369 perentibus
1112 3287 1305 3366 iudicandos,
1340 3285 1395 3351 sed

265 3405 363 3450 unum
398 3405 551 3468 quemque
586 3388 747 3454 hominum
780 3396 835 3454 aut
863 3409 919 3454 sua
952 3390 1174 3456 iustificatione
1209 3391 1395 3455 soluendum

266 3491 322 3552 aut
349 3507 404 3554 sua
433 3490 598 3571 iniquitate
627 3492 817 3573 periturum:
849 3493 1055 3575 superbos,
1085 3493 1241 3577 quaslibet
1264 3493 1394 3558 diuitias

265 3590 356 3654 homo
379 3591 453 3657 liliis
468 3592 533 3656 suis
550 3597 708 3676 oongerat
733 3614 928 3678 nequaquam
945 3598 1003 3661 hoo
1019 3598 1047 3661 ei
1061 3597 1200 3678 proderit
1215 3599 1248 3661 in
1264 3595 1389 3673 iudicio,
1404 3621 1433 3665 eo

366 3794 501 3849 snauh.
518 3796 560 3861 25,
579 3796 613 3850 30
700 3799 731 3851 11
755 3797 818 3852 Lue.
839 3798 871 3852 12
964 3799 996 3852 13
1014 3799 1029 3853 I
1047 3800 1151 3856 rinae
1237 3801 1271 3855 25
1292 3801 1393 3856 Matth.

266 3879 306 3944 10,
325 3880 358 3934 37
463 3880 497 3934 26
515 3881 608 3935 Ezeoh.
628 3882 661 3936 18
1156 3887 1162 3899 '

315 4070 333 4123 2
351 4071 509 4124 numolariie
527 4072 583 4125 AB
600 4071 649 4128 sed
666 4074 693 4128 A
710 4090 730 4128 e.
750 4090 764 4127 o
782 4089 835 4129 eor.
853 4092 871 4128 u
888 4091 921 4128 no
939 4079 958 4130 2
975 4076 1073 4144 (poulo
1086 4081 1152 4145 poet
1168 4075 1325 4142 numularii)

264 4157 416 4225 recipissem
434 4158 490 4211 AB
584 4160 730 4214 itametsi
747 4161 775 4214 B
872 4161 905 4216 10
923 4162 1093 4230 dispensetur
1111 4179 1146 4218 eor
1164 4166 1220 4216 -tor
1237 4179 1309 4218 corr.
1326 4163 1396 4218 Μ

263 4243 291 4296 Β
397 4244 427 4298 11
453 4261 469 4296 e
492 4243 591 4298 audiet
613 4261 674 4300 oum
696 4247 1008 4315 Horteltotofiu.14)
1109 4249 1145 4312 Ι13
1167 4250 1336 4304 ueteraseent
1361 4264 1396 4304 eor

264 4334 389 4386 uetereso.
406 4346 473 4386 oorr.
493 4348 527 4385 m.
547 4333 611 4387 213
712 4334 747 4388 20
766 4335 835 4390 salte
852 4351 887 4390 eoo
905 4338 944 4390 -ti
962 4351 1032 4390 corr.
1049 4353 1083 4392 m.
1104 4340 1124 4392 2
1141 4338 1168 4392 A
