2972 5000
294 412 335 479 58
778 405 936 461 Saluitoni

290 620 326 666 ao
358 596 560 683 municipalis
588 596 701 663 iudicis
736 596 872 662 domum.
917 595 1070 677 siquidem
1098 593 1181 658 intra
1213 591 1324 658 ianuas
1357 610 1422 658 non

289 706 379 770 modo
403 701 582 769 inlustrium
604 701 799 786 potestatum
821 701 876 764 ssd
898 697 994 763 otiam
1014 697 1192 780 praesidum
1214 697 1269 762 aut
1290 713 1420 778 praepo-

292 807 426 873 sitorum
448 824 510 870 non
532 821 637 870 omnes
660 802 779 887 passim
802 801 921 866 intrare
944 804 1162 883 praesumunt,
1182 799 1244 864 nisi
1265 817 1341 882 quos
1363 800 1422 866 aut

288 909 380 976 iudex
402 909 523 974 uocarit
551 911 607 973 eut
635 907 798 991 negotium
826 907 957 971 traxerit
986 907 1040 968 eut
1066 904 1135 987 ipsa
1157 902 1282 968 honoris
1304 902 1422 987 proprii

289 1009 428 1098 dignitas
458 1010 586 1076 introire
614 1009 812 1093 permiserit,
843 1007 967 1087 itaut,
1002 1010 1029 1073 si
1058 1006 1214 1089 quispiam
1248 1005 1346 1072 fuant
1370 1005 1460 1072 in·⁵

289 1117 425 1182 solenter
453 1115 628 1198 ingressus,
663 1116 719 1177 cut
748 1111 896 1177 caedatur
927 1112 981 1175 aut
1009 1109 1200 1193 propellatur
1232 1109 1289 1174 out
1315 1108 1422 1190 aliqua

236 1217 278 1284 47
288 1216 496 1282 uerecundiae
512 1221 605 1300 atque
621 1215 861 1280 existimationis
883 1232 956 1278 suae
971 1213 1042 1278 labe
1057 1213 1219 1278 multetur.
1246 1213 1280 1277 in
1302 1212 1422 1294 templa

289 1323 394 1384 autem
415 1319 466 1383 uel
489 1318 593 1400 potius
616 1317 649 1382 in
673 1317 786 1384 altaria
801 1322 895 1400 atquo
910 1317 943 1380 in
961 1315 1099 1380 sacraria
1114 1315 1164 1380 dei
1179 1313 1297 1397 passim
1312 1333 1421 1380 omncs

289 1422 403 1487 sordidi
426 1439 463 1486 ao
491 1420 639 1505 flagitiosi
661 1423 729 1486 sine
751 1421 817 1485 ulla
845 1421 970 1503 penitus
993 1419 1170 1485 reuerentia
1192 1421 1272 1484 sacri
1294 1418 1421 1484 honoris

288 1523 484 1606 inrumpunt,
507 1543 569 1590 non
592 1525 748 1607 quianon
771 1541 878 1588 omnes
901 1526 939 1588 ad
962 1522 1151 1587 exorandum
1174 1525 1267 1587 doum
1293 1540 1458 1586 currerem

290 1628 440 1712 debeant,
470 1628 525 1694 sod
555 1628 629 1711 quia
657 1628 710 1710 qui
738 1626 913 1710 ingreditur
943 1626 981 1691 ad
1004 1625 1212 1707 placandum,
1243 1643 1305 1690 non
1326 1626 1421 1691 debet

289 1732 394 1817 egredi
416 1732 456 1797 ad
485 1730 746 1797 exacerbandum:
777 1749 876 1813 neque
905 1730 989 1793 enim
1020 1729 1157 1794 eiusdem
1180 1728 1274 1794 officii
1298 1731 1347 1794 est
1367 1729 1419 1794 in·

235 1834 482 1918 48dulgentiam
505 1853 630 1916 poscere
655 1837 687 1898 et
709 1833 904 1898 iracundiam
927 1850 1105 1914 prouocare.
1127 1850 1245 1898 nouum
1260 1832 1416 1915 siquidem

287 1940 420 2003 monstri
442 1955 537 2022 genus
561 1939 624 2003 ost:
654 1936 762 2002 eadem
787 1955 886 2018 paene
909 1954 1015 2000 omnes
1038 1937 1154 2018 iugiter
1177 1936 1309 2011 faciunt,
1338 1953 1419 2018 qnae

287 2041 396 2106 fecisse
419 2059 451 2105 se
472 2040 642 2124 plangunt,
671 2043 702 2104 et
725 2040 779 2122 qui
802 2041 920 2104 intrant
946 2038 1188 2104 ecclesiasticam
1211 2037 1351 2116 domum,
1380 2042 1456 2106 utra

288 2143 373 2209 mala
402 2144 530 2226 antiquo
557 2143 710 2222 defleant,
734 2174 767 2208 a*
791 2147 912 2219 exeunt.
950 2143 982 2208 ot
1004 2142 1080 2224 quid
1102 2142 1185 2220 dico,
1214 2145 1348 2207 exeunt?
1381 2142 1419 2207 in

289 2245 366 2330 ipsis
389 2265 488 2329 paene
509 2247 568 2310 hoo
591 2245 784 2311 orationibus
800 2248 865 2310 suis
882 2264 918 2310 ac
933 2244 1211 2330 supplicationibus
1233 2245 1419 2310 moliuntur.

287 2349 374 2415 aliud
397 2349 510 2432 quippe
534 2367 587 2413 ora
614 2350 777 2414 hominum
802 2349 888 2414 aliud
911 2350 1140 2432 satisagunt,
1164 2351 1196 2414 et
1217 2349 1293 2414 dum
1314 2349 1420 2414 uerbis

287 2453 457 2535 praeterita
485 2453 570 2518 mala
599 2454 770 2536 plangunt,
806 2471 899 2518 sensu
928 2453 1037 2518 futura
1064 2452 1271 2531 meditantur,
1304 2469 1340 2517 ae
1369 2451 1420 2519 sio

287 2555 386 2620 oratio
409 2572 517 2619 eorum
540 2556 660 2620 auctrix
684 2560 732 2620 est
755 2557 857 2639 magis
880 2556 1045 2621 criminum
1068 2574 1161 2637 quam
1184 2555 1346 2620 exoratrix.
1378 2559 1455 2624 utro

287 2673 360 2723 uero
382 2657 440 2722 illa
454 2657 489 2721 in
506 2661 549 2725 eis
566 2660 738 2742 scripturae
753 2659 932 2725 maledictio
949 2659 1150 2742 compleatur,
1174 2663 1209 2724 ut
1225 2658 1263 2722 de
1278 2657 1418 2724 oratione

234 2766 278 2832 49
287 2760 357 2843 ipsa
379 2764 488 2824 exeant
503 2763 700 2828 condemnati
723 2766 753 2828 et
777 2762 874 2828 oratio
898 2781 1004 2827 eorum
1027 2762 1083 2828 fiat
1105 2763 1140 2828 in
1160 2765 1331 2846 peccatum.
1359 2761 1418 2827 ds-

288 2861 381 2944 nique
398 2861 424 2924 si
440 2862 511 2927 uult
527 2865 683 2945 quispiam
698 2866 786 2942 scire,
810 2867 884 2949 quid
899 2867 933 2930 in
948 2867 1066 2948 templo
1081 2866 1259 2932 huiusmodi
1274 2867 1417 2933 hominos

287 2967 469 3049 cogitarint,
499 2967 604 3032 uideat
632 2970 705 3050 quid
728 2977 881 3052 sequatur.
929 2970 1083 3053 siquidem
1105 2971 1327 3035 consummatis
1350 2973 1418 3037 sol-

286 3069 443 3134 lemnibus
466 3069 575 3134 statim
598 3075 636 3136 ad
661 3072 934 3138 consuetudinaria
957 3090 1063 3138 omnes
1091 3073 1196 3138 studia
1225 3073 1456 3155 discumuntac

286 3171 343 3237 alii
365 3172 488 3238 scilicet
503 3175 540 3237 ut
561 3174 704 3240 furentur
726 3175 781 3241 alii
804 3179 840 3240 ut
868 3176 1062 3242 inebrientur
1084 3177 1140 3242 alii
1163 3178 1199 3242 ut
1222 3175 1418 3244 fornicentur

388 3325 422 3380 21
445 3326 516 3381 Psal.
536 3327 594 3394 108,
614 3328 629 3380 7

335 3462 353 3516 2
369 3461 520 3531 praesidum
533 3480 567 3518 ca
580 3463 742 3532 praesidium
759 3465 788 3520 A
799 3480 867 3522 corr.
879 3465 889 3518 i
902 3481 971 3520 maa.
1059 3469 1120 3538 aut]
1138 3483 1168 3524 so
1185 3468 1214 3523 B
1305 3470 1321 3523 7
1340 3486 1417 3524 uers-

284 3547 381 3602 eundiu
398 3549 427 3603 B
514 3549 546 3602 12
564 3551 773 3605 exacerbandum
791 3567 825 3606 ca
843 3552 1048 3607 exercebandum
1065 3553 1094 3608 A
1106 3569 1176 3608 corr.
1191 3558 1255 3609 m.1
1340 3556 1416 3610 enim

284 3649 334 3688 orn.
358 3635 387 3689 B
490 3635 524 3690 15
550 3635 623 3691 intra
646 3637 698 3692 litt.
721 3640 753 3691 nt
773 3653 809 3694 m.
826 3653 879 3692 rec.
897 3637 961 3692 add.
977 3639 1006 3693 A
1110 3640 1142 3694 16
1169 3645 1235 3694 cade
1258 3645 1353 3702 euonnt
1371 3642 1416 3695 lc-

284 3735 384 3775 owcam
392 3721 527 3778 rodoardo
535 3722 680 3791 Betucius,
689 3727 860 3792 prosteruunt
868 3725 1008 3792 Halmius,
1022 3726 1070 3794 qoo‘
1081 3725 1274 3794 ‘supplendam
1282 3726 1415 3797 tridatem,

283 3806 382 3875 inquit,
406 3808 525 3876 ‘sursunt²
543 3811 576 3862 ut
593 3824 662 3864 noua
680 3811 858 3864 committant
878 3812 935 3880 (ccl
951 3815 1131 3880 perpetrando
1159 3827 1209 3868 cos
1226 3827 1331 3881 quoquc
1347 3820 1417 3868 cate

284 3896 381 3947 mount
402 3895 550 3949 statuimus
573 3895 702 3950 lactucam
720 3902 746 3951 ot
764 3903 898 3964 potamos
922 3898 1055 3956 ceaddae
1071 3898 1156 3956 uerbo
1174 3899 1325 3954 exsecuturi
1341 3915 1415 3954 nouo

285 3979 390 4034 collatis
402 3982 549 4049 postremis
562 3982 648 4036 *totas
665 3984 764 4052 capitio
780 3985 888 4054 corb&
906 3985 958 4047 cfr.
976 4001 1046 4054 quac
1064 3985 1267 4053 diepmocdaoa
1284 3986 1316 4040 ia
1328 3985 1414 4040 sca.-

284 4065 350 4121 Bcr.
366 4083 397 4134 p.
410 4071 427 4122 9
524 4067 559 4122 20
576 4069 681 4123 auctrix
699 4085 734 4124 ec
751 4071 841 4124 autrix
855 4070 884 4124 A
901 4087 971 4126 corr.
989 4089 1023 4126 m.
1043 4075 1074 4128 2:
1100 4073 1147 4124 aut
1165 4071 1208 4138 (ut
1225 4072 1311 4138 corr.)¹
1324 4071 1367 4124 riu
1383 4071 1415 4125 B

285 4152 344 4217 (out
354 4151 412 4206 rixa
430 4153 471 4208 Τί
496 4179 523 4207 an
534 4154 593 4208 rixa
610 4157 638 4224 c)
728 4156 760 4210 21
781 4157 928 4226 scripturae
947 4174 981 4213 cc
998 4159 1133 4226 scripturo
1148 4156 1176 4211 A
1193 4172 1265 4214 corr.
1277 4159 1344 4212 Μ

284 4236 332 4375 221)
345 4238 531 4376 corziempnati
559 4241 587 4296 A
690 4241 725 4296 24
747 4241 894 4310 cogitarint
913 4244 954 4298 B:
985 4244 1136 4313 cogitarent
1156 4244 1184 4298 A
1287 4243 1414 4312 sollemp-

284 4337 314 4375 m
333 4339 364 4376 us
