2972 5000
304 443 348 509 50
436 444 439 450 '
783 439 935 494 Saluiani

296 649 382 712 mus,
410 629 448 693 ιιι
480 645 541 694 non
569 627 705 694 sufficiat
732 627 839 710 nobis,
870 627 952 709 quod
980 627 1166 694 aduersariis
1188 627 1303 693 nostris
1326 627 1426 692 etiam

245 730 430 802 24minirna
451 731 715 798 uestimentomm
731 732 910 797 nostrorum
931 735 1020 813 parte
1037 751 1098 798 non
1114 731 1264 814 cedimus,
1286 732 1348 796 nisi
1368 731 1426 810 eis,

298 838 451 918 qnantum
473 835 506 901 in
529 836 620 902 nobis
644 840 702 920 est,
726 835 755 902 si
775 855 824 902 res
841 836 936 915 sinat,
960 837 1072 902 cuncta
1092 837 1259 921 rapiamus.
1282 836 1427 916 iungitur

298 941 404 1004 autem
431 942 595 1024 praecepto
625 938 701 1005 huic
728 959 786 1024 par
815 940 849 1006 et
877 939 1040 1006 consimile
1067 941 1268 1017 mandatum,
1297 957 1357 1022 quo
1378 939 1427 1004 ait

297 1043 457 1108 dominus:
486 1043 554 1124 qui
577 1043 887 1124 percusseritis
909 1042 951 1106 in
974 1042 1176 1107 dexteram
1203 1042 1426 1124 maxillam,
1450 1059 1465 1102 s

296 1146 440 1228 praebe
470 1146 505 1211 ei
534 1146 573 1210 ct
603 1145 781 1210 alteram.
828 1147 956 1228 quantos
977 1147 1125 1227 putamus
1155 1164 1235 1226 esse,
1264 1147 1317 1228 qui
1339 1145 1426 1211 dicto

296 1247 370 1312 hnic
391 1249 445 1314 uel
467 1266 558 1314 aures
580 1249 721 1314 modesta
743 1248 926 1333 praebeant,
948 1249 1113 1326 uoluente,
1136 1249 1260 1314 etiamsi
1274 1247 1306 1313 id
1321 1247 1426 1314 facere

296 1351 453 1430 uidentur,
477 1350 590 1418 animis
612 1350 839 1435 adquiescant?
867 1353 926 1418 aut
944 1352 1056 1435 quotus
1079 1352 1211 1436 quisque
1232 1355 1297 1432 est,
1320 1350 1373 1434 qui
1396 1353 1427 1417 si

297 1472 396 1518 unum
418 1455 515 1521 ictum
540 1455 712 1540 acceperit,
741 1474 802 1520 non
825 1455 942 1522 multos
969 1473 1023 1538 pro
1045 1473 1107 1520 uno
1130 1456 1263 1521 reddat?
1298 1455 1427 1520 tantum

252 1620 262 1636 Α,
298 1556 337 1622 ab
358 1557 415 1624 illo
437 1559 527 1624 abest
547 1560 585 1632 ut
601 1559 745 1624 caedenti
760 1558 921 1626 maxillam
935 1559 1092 1642 praebeat
1115 1560 1150 1625 ut
1165 1562 1234 1624 tum
1250 1577 1283 1624 se
1296 1559 1426 1623 uincere
1436 1581 1464 1622 ιο

298 1665 396 1746 putet,
420 1682 483 1728 non
498 1665 621 1746 quando
637 1662 850 1730 aduersarium
866 1664 1043 1746 uapulando
1059 1662 1114 1728 sed
1129 1661 1251 1744 quaudo
1266 1661 1426 1726 caedendo

244 1764 500 1848 25superauerit.
550 1784 649 1849 quae
683 1766 827 1849 uultis,
861 1766 965 1851 iuquit
998 1768 1153 1846 saltator,
1189 1757 1245 1831 ut‘
1268 1766 1426 1830 faciant

296 1867 410 1934 uobis
431 1869 630 1954 homines,
653 1870 784 1934 eadem
806 1870 844 1935 et
860 1887 929 1934 uos
953 1869 1078 1935 facite
1105 1869 1192 1934 illis
1214 1867 1424 1934 similiter.

296 1970 389 2036 huius
412 1973 585 2038 sententiae
607 1973 729 2056 partem
744 1975 809 2038 tam
825 1971 903 2038 bane
919 1972 1073 2054 nouimus,
1097 1976 1133 2038 ιιι
1148 1991 1318 2056 numquam
1332 1990 1426 2054 prae-

297 2075 476 2154 teneamus,
500 2076 623 2157 partem
646 2077 692 2140 sic
714 2076 1009 2158 praetermittimus,
1039 2077 1127 2159 quasi
1154 2078 1278 2158 penitus
1300 2073 1464 2145 ucecia-rs

296 2195 377 2242 mus.
393 2195 465 2242 nam
480 2177 556 2261 quid
571 2179 610 2244 ab
628 2178 699 2244 aliis
714 2178 867 2260 praestari
878 2179 966 2245 nobis
984 2179 1119 2244 uelimus
1134 2180 1249 2260 optime
1267 2177 1426 2261 nouimus,

296 2279 372 2362 quid
400 2286 508 2346 autern
536 2282 597 2366 ipsi
630 2281 703 2346 aliie
739 2281 903 2346 debeamus
936 2283 1094 2365 praestare
1126 2281 1289 2348 nescimus.
1328 2283 1427 2364 atqua

296 2382 419 2448 utinam
441 2387 644 2450 nesciremus!
674 2385 776 2450 minor
804 2389 885 2452 esset
908 2383 1101 2468 ignorantiae
1122 2385 1228 2449 reatus
1251 2386 1427 2450 secundum

295 2487 392 2553 illud:
415 2489 482 2571 qui
505 2490 638 2555 nescit
657 2489 909 2555 uoluntatem
931 2487 1084 2554 domini
1107 2489 1187 2568 sui,
1210 2487 1428 2569 uapulabit

295 2593 448 2673 paucis:
472 2593 537 2675 qni
560 2595 689 2658 autem
710 2592 791 2658 scit
814 2592 852 2658 et
874 2610 946 2657 non
964 2592 1064 2658 facit
1087 2610 1183 2671 cam,
1206 2590 1463 2674 uapulabitao

294 2693 444 2760 multis.
488 2713 571 2760 nunc
603 2698 712 2760 autem
733 2696 792 2760 hoo
819 2695 920 2760 maior
948 2695 1062 2762 offensa
1090 2696 1154 2772 oet,
1188 2694 1269 2778 quod
1297 2696 1427 2777 partem

295 2797 470 2863 sententiae
498 2817 604 2866 sacrae
631 2816 686 2881 pro
715 2799 947 2864 commodorum
977 2800 1154 2865 nostrorum
1183 2798 1322 2864 utilitate
1344 2798 1425 2863 dili-

242 2902 286 2970 26
295 2898 411 2986 gimpa,
433 2903 558 2984 partem
579 2919 634 2986 pro
656 2902 707 2967 dei
727 2900 844 2966 iniuria
864 2902 1081 2985 praeterimus.
1111 2901 1278 2986 exaggerat
1300 2920 1427 2984 qnoque

295 3001 354 3068 hoc
380 3003 431 3070 dei
462 3004 595 3071 uerbum
625 3004 728 3071 officio
756 3005 993 3090 praedicationis
1020 3023 1095 3071 snae
1122 3004 1280 3088 apostolus
1303 3005 1427 3071 Paulus

295 3107 417 3174 dicens:
439 3127 550 3174 nemo
572 3110 673 3192 quod
696 3128 812 3175 suum
840 3110 900 3176 est
922 3113 1090 3192 quaerat
1112 3108 1178 3174 sed
1201 3111 1300 3191 quod
1322 3107 1466 3175 alte-as

296 3211 388 3277 rius.
432 3211 619 3278 etiterum:
649 3229 723 3277 non
751 3231 850 3295 quae
886 3230 954 3277 sua
983 3215 1087 3290 sunt,
1121 3211 1240 3295 inquit,
1272 3211 1428 3294 singuli

297 3315 526 3396 cogitantes
548 3316 616 3380 sed
639 3335 681 3384 ea
708 3333 806 3398 quae
829 3316 1007 3381 aliorum.
1051 3313 1139 3380 uides
1169 3333 1263 3397 quam
1283 3313 1427 3380 fideliter

295 3419 499 3500 praeceptum
513 3416 631 3504 Christi
645 3418 741 3484 fuerit
764 3420 942 3484 exsecutus:
966 3417 1031 3498 nbi,
1057 3435 1128 3483 cum
1143 3417 1282 3483 saluatur
1303 3418 1349 3482 sic
1364 3435 1426 3483 nos

395 3636 528 3692 suasu.
546 3638 571 3705 5,
583 3637 617 3693 aa
687 3637 720 3692 12
737 3637 835 3694 ucat.
855 3639 879 3708 ι,
892 3639 926 3695 12
996 3636 1213 3708 latislaus
1279 3638 1314 3695 as
1330 3638 1423 3694 1001.

294 3721 334 3798 uo,
351 3721 386 3778 aa
474 3723 509 3778 aa
526 3723 597 3778 surr.
614 3725 676 3789 aa

342 3931 417 3984 2ανι
432 3929 743 3999 minimam-partem?
812 3932 1004 4002 *doapiamne
1022 3931 1051 3986 Β
1118 3932 1159 4002 24
1176 3932 1304 3988 mandato
1321 3931 1358 4002 a

292 4023 327 4078 10
347 4023 451 4078 omenti
474 4038 509 4078 ca
531 4023 639 4079 cadente
661 4026 690 4080 A
706 4041 777 4082 corr.
793 4029 864 4083 m.2
962 4032 1027 4097 post
1052 4025 1177 4096 praebeat
1203 4027 1231 4081 A
1256 4044 1290 4083 m.
1308 4029 1329 4083 2
1350 4027 1426 4085 add.

291 4117 378 4172 altera
468 4118 539 4188 tum]
558 4118 623 4173 dum
640 4119 669 4174 A
764 4121 797 4175 16
814 4122 933 4190 prestare
951 4121 1010 4188 (aad
1026 4138 1041 4177 a
1056 4121 1089 4176 ia
1100 4121 1150 4189 fia.
1162 4122 1194 4177 ia
1205 4121 1273 4191 ras.)
1291 4121 1425 4178 nolimus

291 4204 319 4256 A
422 4203 456 4259 18
478 4204 566 4259 minor
583 4209 652 4260 esset
670 4221 705 4262 aa·
720 4205 836 4263 minores
854 4209 895 4262 eet
912 4207 940 4262 A
957 4223 1026 4264 corr.
1044 4208 1118 4265 ma
1221 4207 1314 4264 1920
1331 4223 1427 4278 napu-

290 4287 362 4343 labit
379 4303 414 4346 ea
430 4289 572 4358 uapulauit
589 4291 830 4348 Abisamam
915 4293 949 4349 21
961 4293 990 4348 in
1000 4293 1051 4348 hoc
1062 4294 1147 4348 maior
1165 4293 1193 4348 Β
1278 4293 1312 4348 22
1330 4309 1426 4352 sacrae

290 4375 473 4430 om,Boa.1
575 4375 913 4436 25nemoeumBm.1
1016 4378 1233 4435 dssexeontueB
