3068 5012
264 385 329 452 208
754 379 907 435 Saluiaui

267 576 299 638 ot
329 589 470 638 auorum·
491 571 607 656 gaudia
640 569 853 652 contigerunt,
887 572 933 647 ot,
966 569 1048 652 quod
1081 573 1213 653 utroque
1246 572 1394 652 praestat,

267 679 434 758 utrumque
456 673 599 752 feliciter,
624 689 695 741 oum
718 674 823 740 fructu
845 672 1083 756 adipiscendist
1105 673 1300 742 beatitudine
1322 694 1394 758 per·

267 779 400 861 fruendi,
422 797 486 846 nou
509 779 583 862 quia
604 777 679 844 hino
701 795 757 862 ego
781 777 899 860 aliquid
921 777 1001 846 milui
1026 777 1182 860 deputem,
1212 777 1267 842 sed
1288 779 1394 844 tamen

267 883 391 963 ingrata
419 883 505 964 apud
527 900 583 948 uos
605 899 670 948 esso
692 899 754 947 nou
785 880 886 962 debet,
909 897 1081 963 perquam
1110 899 1164 948 uos
1195 881 1295 947 uoluit
1318 883 1394 948 dous

216 989 258 1054 14
267 1005 334 1052 esse
356 986 469 1053 felices.
500 1005 548 1068 ne,
572 1002 695 1068 quaeso,
718 1002 791 1068 ergo
815 985 982 1064 molestum
1004 984 1093 1050 uobis
1116 984 1159 1050 sit
1175 987 1255 1067 quod
1277 985 1394 1053 referre
1417 1003 1432 1044 5

268 1089 386 1172 aliquid
420 1090 476 1155 deo
505 1089 604 1173 cupio,
641 1088 691 1154 cui
720 1087 828 1154 omnia
857 1106 1019 1170 repensare
1046 1104 1108 1152 non
1138 1107 1274 1171 possum.
1309 1090 1394 1174 pleni

267 1193 341 1258 estis
371 1191 495 1258 solaciis
525 1192 758 1258 iucundissimis
788 1191 872 1274 ploni
901 1190 1085 1276 pignoribus
1115 1191 1286 1258 carissimis
1308 1193 1394 1275 pleni

266 1297 479 1362 benedictione
501 1295 626 1362 diuina:
657 1299 780 1378 praeter
808 1295 997 1376 peculiarem
1019 1295 1082 1360 mei
1105 1312 1231 1362 causam
1253 1297 1394 1362 uestrum

266 1401 427 1483 nogotium
454 1400 569 1466 referre
599 1401 655 1466 dea
685 1401 821 1484 gratiam
850 1399 948 1479 iubet,
983 1398 1096 1465 debore
1118 1418 1170 1464 me
1192 1400 1221 1465 ei
1248 1401 1393 1484 arbitror,

267 1506 347 1586 quod
377 1503 467 1569 uobis
497 1503 586 1570 tauta
615 1503 776 1570 concessit.
810 1503 865 1568 ssd
893 1503 969 1569 haeo
999 1503 1169 1568 hactenus:
1203 1503 1432 1570 sufficienter1o

266 1607 349 1673 enim
372 1608 434 1673 iam
456 1625 512 1689 pen
532 1625 599 1689 nos,
629 1624 647 1670 o
670 1605 833 1672 carissima
854 1625 946 1685 soron
976 1607 1096 1688 precati
1124 1625 1242 1684 sumus,
1272 1607 1394 1690 reliqua

214 1712 341 1779 15sunt
378 1711 499 1794 agenda
535 1729 590 1793 per
626 1709 735 1775 filiam.
775 1710 902 1774 utamur
938 1728 1011 1792 ergo
1047 1709 1189 1792 (honeste
1223 1711 1306 1776 enim
1333 1730 1394 1794 pro

265 1814 493 1879 reconciliando
522 1815 687 1898 parentum
717 1811 831 1877 affectu
861 1815 975 1878 cuncta
1004 1813 1233 1896 temptantur),
1269 1819 1394 1880 utamur

265 1917 393 1983 illorum
423 1935 508 1982 more
531 1920 563 1981 ot
592 1916 741 1998 exemplo,
771 1915 825 1998 qui
855 1915 968 1981 ultimo
996 1934 1157 1982 cansarum
1187 1917 1255 1981 loco
1290 1917 1394 2000 aliqua

266 2037 498 2104 nonnumquam
528 2021 567 2086 ad
597 2019 853 2085 commouendam
882 2018 1021 2084 iudicum
1051 2019 1294 2086 misericordiam
1322 2040 1429 2106 pro-rs

266 2123 406 2189 ferebant
435 2124 548 2188 laturis
580 2121 768 2188 sententiam
798 2123 1069 2206 disceptatoribus,
1101 2129 1156 2190 aut
1186 2124 1394 2192 lamentantes

266 2227 381 2292 matres
412 2227 550 2294 familias
579 2229 635 2292 aut
663 2227 838 2292 sordidatos
866 2245 954 2291 senes
983 2229 1039 2292 aut
1067 2230 1227 2310 plorantes
1249 2216 1394 2310 paruolus

265 2331 452 2413 ingerentes,
481 2331 598 2397 scilicet
620 2333 656 2395 ut
679 2329 733 2413 qni
755 2327 914 2414 superiora
943 2347 1052 2396 causae
1077 2331 1180 2396 uerbis
1202 2332 1265 2396 iam
1287 2351 1395 2397 exoro·

214 2437 257 2503 16
265 2437 393 2514 nerant,
423 2435 594 2515 posteriora
621 2435 713 2499 rebus
742 2433 819 2515 ipsis
847 2435 1038 2517 perorarent.
1076 2433 1235 2500 offerimus
1265 2438 1394 2518 ergoet

266 2554 322 2602 nos
343 2537 442 2615 uobis
473 2556 490 2602 o
513 2537 664 2602 carissimi
697 2540 850 2618 parentes,
880 2537 994 2620 pignus
1021 2539 1089 2619 pari
1117 2539 1244 2620 quidem
1266 2539 1430 2603 illorumso

266 2639 321 2705 sed
354 2644 462 2705 tamen
495 2641 631 2722 gratiore
665 2637 825 2724 suffragio.
875 2639 1034 2705 offerimus
1068 2642 1151 2705 enim
1184 2642 1297 2724 pignus
1333 2660 1395 2706 non

265 2745 461 2825 incognitum
483 2744 538 2807 sed
560 2743 776 2822 domesticum,
807 2760 868 2807 non
892 2743 1031 2808 alienum
1054 2745 1107 2808 sod
1131 2743 1303 2825 proprium,
1327 2761 1393 2821 nec,

159 2883 162 2892 ·
266 2845 303 2910 ut
324 2845 374 2910 illi
397 2849 543 2924 oratores,
568 2846 600 2910 et
623 2844 734 2910 sibiet
755 2844 911 2912 iudicibus
929 2848 1111 2911 extraneum
1127 2848 1181 2911 sed
1197 2847 1285 2912 nobis
1300 2848 1395 2913 simul

266 2948 415 3031 uobisque
438 2966 617 3013 commune:
646 2967 726 3030 quas
749 2967 804 3012 uos
826 2949 933 3032 utique
961 2949 1061 3014 uestri
1089 2950 1251 3033 sanguinis
1274 2949 1394 3017 indoles

266 3069 328 3117 non
361 3055 399 3117 ad
433 3052 663 3134 incognitorum
702 3052 866 3117 hominum
907 3052 991 3134 cogit
1029 3051 1228 3118 dilectionem
1266 3053 1319 3118 sed
1354 3053 1431 3118 odos
1524 3129 1525 3136 ἵ

265 3160 440 3222 nestrorum
473 3164 598 3223 reuocat
632 3155 812 3233 caritatem,
848 3173 904 3220 nec
940 3153 1056 3221 alienos
1089 3155 1178 3220 uobis
1208 3155 1308 3221 aliena
1341 3157 1394 3222 sed

265 3265 384 3323 uestros
407 3261 513 3324 uestra
535 3260 741 3333 commendat,
765 3277 864 3341 neque
885 3259 919 3323 id
941 3260 1017 3337 orat,
1042 3259 1078 3323 ut
1100 3276 1151 3323 eos
1173 3258 1295 3336 ametis,
1318 3277 1394 3341 quos

266 3378 438 3442 numquam
471 3365 544 3425 ante
573 3360 706 3438 uidistis,
741 3362 794 3426 sed
818 3365 854 3424 ut
874 3369 1008 3426 oos'non
1032 3360 1159 3426 oderitis
1189 3379 1276 3443 quos,
1306 3366 1393 3444 puto,

217 3467 256 3532 lt
266 3481 327 3529 non
357 3463 488 3546 diligere
518 3482 580 3529 non
609 3462 750 3545 potestis.
787 3467 930 3528 nestrum
958 3465 1035 3542 ideo,
1065 3466 1208 3547 parentes
1232 3464 1393 3542 carissimi,

267 3566 428 3651 negotium
462 3570 568 3632 uestra
602 3585 651 3632 res
681 3570 745 3650 est,
779 3569 882 3632 uester
912 3567 945 3632 id
974 3585 993 3632 a
1023 3567 1109 3632 uobis
1139 3567 1262 3632 animus
1290 3570 1430 3634 uestraso

318 3808 334 3862 7
361 3806 466 3860 solatiis
493 3807 533 3860 sic
559 3807 641 3861 etiam
669 3806 690 3860 O
795 3807 825 3861 11
854 3806 970 3876 praedati
994 3807 1035 3874 (ut
1052 3813 1076 3871 §.
1104 3811 1122 3862 9
1148 3813 1195 3875 pce
1221 3812 1247 3860 et
1272 3805 1310 3860 so'c
1335 3805 1395 3872 fore

265 3895 376 3964 utiquc)
404 3893 427 3948 O
538 3894 570 3947 12
595 3893 654 3947 filia
680 3895 816 3947 mutamur
844 3894 902 3961 (sic)
934 3893 957 3948 G
1071 3895 1103 3948 13
1130 3896 1239 3946 utamur
1265 3893 1396 3947 Pithoeus

266 3985 298 4038 ut
320 3998 393 4036 amor
419 3981 442 4037 0
545 3980 577 4034 16
600 3979 699 4033 laturis
719 3981 778 4048 (sto)
806 3980 829 4036 0
931 3980 963 4034 17
987 3979 1103 4034 familiae
1123 3981 1184 4044 (sict
1211 3979 1233 4035 0
1335 3995 1395 4050 par·

266 4070 341 4124 uolos
369 4069 443 4135 (item
468 4065 548 4132 infra
575 4066 755 4134 paruolorum)
790 4066 813 4121 0
950 4066 982 4120 18
1012 4066 1187 4119 exorauerunt
1215 4066 1274 4134 (sic)
1305 4065 1328 4120 0

263 4153 301 4208 24
323 4169 374 4222 que
391 4169 440 4206 uos
463 4151 486 4207 0
587 4151 686 4206 indolis
715 4151 738 4206 0
837 4151 871 4206 29
894 4167 947 4206 non
971 4153 1046 4220 (unte
1064 4149 1187 4219 potestis)
1207 4149 1279 4218 qaod
1297 4151 1328 4206 o'a
1344 4167 1397 4205 sua

266 4240 382 4295 Botusia'
411 4239 529 4294 editione
558 4239 728 4294 intercidisse
756 4243 846 4294 monet
876 4238 1019 4302 Halmius,
1058 4237 1089 4290 tu
1117 4242 1218 4304 quarta
1247 4234 1309 4290 edit.
1340 4253 1397 4292 uon

264 4325 340 4382 dccet
