3036 5004
453 337 642 440 othotam.
661 370 714 428 oei
734 370 773 428 vr
796 371 939 436 sauss.
1196 374 1258 442 lso

135 561 220 626 solus
248 561 338 628 nobis
361 563 395 628 in
416 561 645 645 comparatione
672 561 813 628 omnium
840 562 917 628 deus
944 562 1018 628 uilis
1045 565 1102 628 est
1127 561 1313 645 deniqueret

134 668 259 748 praetor
280 666 351 744 alia,
375 682 453 749 quae
474 665 507 730 iol
529 665 672 748 probant,
695 663 814 730 indicat
835 664 893 730 hoc
914 665 1011 730 etiem
1028 665 1103 731 haec
1117 681 1167 732 res
1190 665 1259 748 ipsa

135 786 230 850 quam
252 767 330 834 dico.
362 769 390 834 si
406 770 527 850 quando
542 769 627 834 enim
642 769 788 848 euenorit,
806 767 887 850 quod
902 766 1022 834 scilicet
1036 785 1128 850 saepe
1143 769 1259 849 euenit,

134 875 172 938 nt
196 872 304 938 codem
326 872 374 938 dic
396 873 430 938 ot
451 870 610 936 festinitos
627 870 840 936 ecclesiastica
854 872 886 935 et
898 870 967 936 ludi
980 871 1100 954 publici
1115 875 1258 954 agantur,

111 993 248 1060 squaero
277 974 316 1040 ab
345 975 485 1040 omninno
519 973 716 1052 cemimus
750 975 819 1056 quis
852 973 937 1038 locus
970 975 1101 1040 maiores
1124 971 1259 1040 Ohristi·

132 1098 265 1146 anorum
286 1079 426 1143 uirorum
447 1076 552 1158 copies
580 1075 704 1154 habeat,
732 1093 826 1142 cauea
851 1075 919 1142 ludi
941 1076 1058 1160 pnhlici
1081 1095 1120 1142 an
1141 1079 1259 1144 atrium

133 1183 197 1262 dei,
226 1183 259 1246 et
280 1180 433 1262 templum
463 1197 569 1245 omnes
597 1179 697 1262 magis
725 1178 882 1244 sectentur
911 1195 951 1244 an
973 1180 1143 1258 theatrum,
1172 1179 1258 1246 dicta

133 1284 367 1368 euangeliorum
400 1281 500 1366 magis
533 1281 667 1365 diligant
697 1301 736 1349 an
757 1281 1009 1366 thymelicorum,
1044 1285 1140 1350 uerba
1172 1283 1258 1349 uitae

133 1408 176 1455 an
200 1389 295 1454 uerba
314 1387 436 1461 mortis,
458 1383 556 1450 uerba
580 1382 698 1450 Christi
720 1402 759 1450 un
781 1385 878 1451 uerba
897 1385 1012 1452 mimi?
1045 1405 1107 1450 non
1129 1390 1176 1450 eet
1200 1383 1310 1469 rto-38

96 1517 123 1555 ro
131 1490 226 1556 bium
258 1490 333 1572 quin
366 1487 444 1554 illud
476 1488 577 1574 magis
607 1505 757 1567 amemus,
792 1487 873 1570 quod
906 1489 1133 1572 anteponimus.
1171 1489 1258 1554 omni

133 1595 222 1661 enim
245 1594 389 1658 letalium
403 1592 597 1658 ludicrorum
613 1590 673 1673 olio,
697 1590 855 1673 quaelibet
871 1592 1019 1656 ecclosias
1035 1591 1115 1657 festa
1130 1591 1254 1671 ineunt,

131 1715 197 1762 non
220 1697 319 1762 solum
346 1698 385 1760 ad
408 1693 572 1760 ecclesiam
600 1712 662 1760 non
684 1695 817 1760 ueniunt
845 1694 899 1776 qui
922 1691 1111 1760 Christianos
1134 1713 1167 1759 se
1190 1712 1258 1759 esee

132 1801 256 1878 dicunt,
286 1801 338 1863 sed
363 1797 391 1862 si
412 1799 466 1880 qui
487 1796 578 1862 inscii
601 1796 681 1862 forte
709 1795 857 1876 uenerint,
871 1837 875 1842 -
889 1797 966 1862 dnm
987 1797 1021 1862 in
1042 1797 1112 1878 ipsa
1132 1797 1260 1862 ecclesia

11 1883 12 1896 ¹
131 1906 220 1977 sunt,
242 1903 268 1965 oi
290 1901 379 1967 ludos
400 1901 451 1982 agi
473 1901 614 1975 audiunt,
649 1898 812 1964 ecclesiam
834 1900 1064 1982 derelinquunt.
1102 1898 1259 1983 spernitur

96 2005 186 2070 ordei
217 2004 383 2088 templum,
417 2003 454 2068 ut
486 2005 630 2068 curratur
663 2005 701 2068 ad
734 2003 909 2068 theatrum:
942 2003 1075 2070 ecclesia
1107 2003 1259 2068 mouetur

132 2108 239 2172 circus
260 2107 427 2189 impletur:
456 2103 614 2171 Christum
641 2104 675 2170 in
704 2105 815 2172 altario
838 2105 1040 2181 dimittimus,
1063 2110 1098 2170 nt
1121 2107 1260 2172 adulter-

131 2214 225 2276 antes
260 2211 330 2276 uisu
367 2209 576 2294 impurissimo
615 2210 720 2275 oculos
759 2209 947 2275 ludicrorum
978 2210 1126 2292 turpium
1162 2207 1260 2274 forni-

131 2315 256 2379 catione
287 2330 461 2394 pascamus.
499 2317 530 2378 et
558 2312 627 2377 ideo
655 2312 827 2378 rectissimo
855 2313 894 2378 ad
922 2329 978 2377 nos
1012 2313 1153 2376 dominns
1186 2312 1261 2376 dens

131 2416 228 2481 elisit:
263 2417 421 2498 propter
449 2415 686 2498 spurcitiam
721 2414 979 2480 exterminati
1008 2415 1107 2479 estio
1137 2416 1260 2478 enter·

95 2518 268 2585 suminio.
296 2522 327 2583 et
349 2537 470 2585 rursum
494 2508 883 2584 ‘exterminabuntur’
905 2517 1008 2598 inquit
1027 2508 1126 2582 ‘areo
1147 2516 1261 2582 huius

133 2621 261 2687 rosus’.

240 2823 313 2878 19?
416 2822 489 2876 20?

188 3012 206 3065 3
224 3011 341 3066 euenerit
359 3011 419 3068 edd.
438 3018 463 3066 ct
478 3013 624 3068 Halmius:
651 3014 757 3068 uenerit
774 3013 829 3068 AB
849 3017 910 3077 (utu
927 3013 959 3068 too
976 3028 993 3066 o
1010 3011 1157 3078 compoto
1175 3024 1263 3080 morp.

133 3098 336 3152 Brosstoumcsz
365 3100 485 3153 enanerit
504 3115 558 3167 pro
580 3099 650 3154 eninr
672 3099 777 3154 ueneno
794 3098 1006 3162 Rttterslouetas)
1109 3096 1262 3164 saepeuenit

132 3183 406 3252 supercrescente
427 3185 487 3255 opit.
512 3201 563 3240 sor.
585 3185 633 3240 ooo.
657 3201 671 3238 s
692 3202 726 3241 m.
747 3189 763 3238 1
786 3185 812 3238 A
913 3184 979 3238 leo
997 3199 1018 3240 a.
1036 3198 1087 3237 eor.
1104 3198 1138 3236 m.
1157 3196 1210 3236 ooo.
1228 3182 1262 3237 dt
1349 3175 1351 3180 ’

132 3272 165 3325 A
181 3285 213 3323 eo
231 3270 258 3324 B
275 3272 350 3337 (iton
367 3287 396 3335 o,
423 3271 470 3325 scot
491 3272 524 3326 co
539 3287 625 3341 morp.
642 3271 707 3326 odd.
726 3271 785 3326 dem
804 3270 998 3336 amoenante)
1100 3270 1120 3324 4
1138 3274 1164 3324 et
1180 3269 1197 3322 s
1215 3283 1262 3337 pn·

132 3356 203 3410 blici
221 3371 256 3410 cc
272 3355 378 3425 publice
395 3357 421 3410 A
439 3371 510 3414 corr.
526 3359 597 3412 Μ
699 3357 714 3410 l
733 3357 833 3425 omnes]
854 3356 974 3412 homines
992 3356 1195 3411 Rittershoao‘cs

134 3442 154 3494 8
172 3441 379 3496 thimellicornm
396 3440 444 3496 scd
452 3443 547 3510 priore
564 3442 575 3494 i
591 3457 626 3498 m.
639 3444 659 3498 2
674 3447 741 3496 mut.
753 3443 785 3496 tc
802 3457 817 3496 e
834 3447 860 3496 et
872 3441 918 3496 ooo.
936 3441 1059 3510 lpuooot
1075 3441 1104 3494 A
1122 3442 1163 3508 (ios
1177 3457 1262 3510 morp.

133 3542 173 3579 m.
189 3527 328 3582 recentius.
353 3525 468 3595 ploasooo
490 3527 553 3582 odd.
583 3527 723 3582 hemslms
746 3527 861 3604 schenic
882 3543 949 3581 mne.
968 3543 990 3581 c.
1008 3527 1026 3580 i.
1045 3528 1062 3580 t.
1082 3543 1104 3580 e.
1122 3527 1262 3595 thymelici

133 3614 201 3666 sunt
219 3611 316 3666 scenici
333 3612 429 3666 musici
447 3617 479 3666 ct
498 3618 538 3668 cst
555 3613 633 3680 epac
649 3612 717 3668 Isioi.
740 3611 786 3667 Or.
805 3616 848 3669 18.
868 3615 915 3678 47)
1019 3614 1050 3670 15
1069 3617 1262 3668 concurruntur

133 3697 165 3752 B
271 3698 304 3754 18
322 3702 387 3765 post
409 3711 548 3766 pascamus
570 3699 693 3767 mitur
706 3700 746 3757 ,ta
767 3698 856 3752 libris:
887 3703 979 3767 posteo
1001 3699 1048 3752 sod
1071 3697 1198 3752 uidelicet
1216 3698 1263 3766 qui

134 3785 241 3852 (postea
264 3783 327 3838 add.
352 3783 384 3838 to
406 3788 431 3849 o)
458 3784 652 3854 corrumpimur
673 3783 753 3838 robus
776 3785 908 3853 prosperis
931 3784 1082 3840 laciendum
1105 3785 1210 3853 aliquid
1232 3784 1262 3838 in

135 3870 267 3938 principio
287 3872 423 3937 (putamus
441 3869 506 3924 cdd.
524 3871 557 3924 o'oa
573 3873 609 3935 c).
634 3870 709 3926 ‘hoec
732 3871 819 3926 certo
842 3870 959 3926 delendo
976 3886 1031 3926 esee
1047 3871 1185 3926 iotottcno't
1201 3869 1262 3926 Bo·

136 3956 246 4023 lusiam
264 3955 338 4008 idem
352 3956 386 4010 io
403 3955 524 4024 coempto
535 3955 695 4021 Pithecusa
712 3955 786 4024 quod
802 3957 934 4012 scotatio
947 3957 1010 4012 ὀΐω.
1022 3957 1185 4012 Mooscooso'
1197 3957 1263 4012 hece

135 4043 246 4096 monuit
269 4041 355 4094 ucho
378 4041 425 4096 oen
449 4040 751 4110 uidelicet-prosperis
773 4043 891 4111 repetito
912 4049 965 4098 cut
985 4049 1135 4112 praecepto
1157 4059 1211 4098 ease
1229 4059 1263 4096 en

136 4126 196 4180 loco
213 4126 349 4192 inferiore
366 4143 388 4180 c.
406 4129 444 4181 12
460 4127 531 4182 icit!
548 4127 686 4193 Holmoe,
714 4129 792 4182 coice
815 4127 848 4182 de
864 4129 940 4194 fosete
960 4129 1018 4184 rell.
1037 4129 1184 4184 sertorem
1200 4145 1263 4184 scoo-

137 4213 252 4268 teettom
270 4213 303 4268 tc
320 4212 386 4269 odo.
404 4214 463 4270 crit.
481 4213 649 4280 propositam
662 4214 768 4280 portion
784 4215 971 4282 suppletiones
978 4216 1085 4283 partim
1097 4217 1265 4272 omreotmoo

138 4298 172 4350 ic
190 4296 340 4352 soa-Ber.
355 4315 385 4366 p.
405 4301 487 4366 wsq.
592 4297 625 4350 19
642 4297 796 4364 spurtitiam
814 4301 842 4354 A
944 4301 1090 4356 extermino
1107 4300 1135 4356 B
