3036 5004
417 397 762 471 degnbern.dsi1111
787 396 931 464 sla-53.
1198 399 1241 465 83

107 593 340 677 tellegeremus,
362 590 580 675 3311333313
603 587 729 658 domino
752 587 819 668 tam
833 587 914 656 bono
930 587 1032 667 faeere
1046 587 1239 672 conueniret,

107 713 180 762 oum
202 696 259 761 ille
280 714 335 780 333
358 695 450 760 malie
476 694 578 760 seruis
601 695 692 758 tanta
713 689 855 772 fecisset,
884 694 917 758 st
941 691 1150 776 compleretur
1170 691 1239 770 hoe,

107 800 190 882 quod
212 799 371 882 apestolus
395 798 479 872 dieit,
503 798 540 863 ut
561 795 824 862 mortificaremur
845 795 977 863 emate
991 793 1162 863 1111331313
1177 794 1238 875 die,

106 903 137 968 31
166 921 268 986 neque
299 901 463 968 tribulatio
496 919 595 986 neque
609 961 611 969 .
627 898 776 984 angustie
809 915 908 981 neque
937 899 1112 982 perseeutio
1140 917 1241 984 neque

84 1005 206 1074 3131333
239 1024 339 1090 neque
371 1006 499 1088 nuditas
532 1022 633 1088 neque
665 1003 789 1088 gladius
822 1004 927 1085 posset
960 1019 1015 1066 333
1046 1021 1191 1092 separate
1221 1021 1240 1068 a

104 1110 240 1176 13311113
261 1109 321 1188 dei,
343 1127 423 1194 quae
445 1107 550 1174 estin
574 1105 699 1175 Christo
721 1107 794 1172 Iesu
816 1105 941 1172 domino
967 1108 1083 1174 nostro.

146 1231 205 1296 XI.
242 1229 321 1296 Oum
355 1249 427 1314 erge
460 1231 538 1296 haee
561 1248 581 1295 a
601 1228 692 1298 nobis
720 1229 825 1296 deberi
855 1227 980 1296 domino
1009 1228 1087 1296 33113
1118 1227 1292 1296 1311113352

103 1333 158 1416 sit,
189 1334 355 1401 uideamus
383 1334 458 1416 quid
480 1351 537 1416 pro
559 1333 610 1398 his
633 1332 752 1400 1333113
775 1331 948 1410 reddimus,
978 1349 1056 1415 quae
1079 1332 1239 1401 debemus.

103 1437 182 1521 quid
205 1436 328 1504 soilieet
351 1436 413 1502 nisi
437 1437 539 1502 totum
560 1434 656 1516 illud,
686 1437 769 1517 quod
791 1434 1059 1518 supradiximus,
1093 1435 1240 1520 quiequid

72 1561 95 1600 ιο
103 1543 256 1608 13111333
291 1539 438 1624 quiequid
471 1539 638 1624 indignam
672 1537 821 1622 quiequid
851 1539 891 1604 ad
913 1537 1060 1604 iniuriam
1090 1539 1139 1604 dei
1168 1557 1239 1622 per·

101 1645 230 1724 113333,
279 1647 368 1710 aetus
416 1642 573 1726 improbae
616 1659 719 1708 meree
762 1641 932 1725 flagitiosos
975 1642 1076 1707 ebrias
1120 1659 1239 1710 mmes·

102 1746 260 1824 33113333,
299 1747 441 1813 33333133
470 1763 581 1815 manue
614 1745 747 1812 faetidas
777 1743 921 1812 libidines
951 1743 1078 1812 rabidas
1116 1745 1239 1830 eupidi-

101 1851 203 1930 tates,
250 1850 282 1914 et
322 1848 470 1932 quioquid
513 1847 592 1914 illud
635 1849 706 1931 plus
750 1847 853 1930 331331
895 1848 1084 1915 33331133113
1127 1850 1239 1917 131113

101 1975 197 2039 qnam
231 1953 361 2020 sermo?
397 1973 494 2036 quae
522 1951 641 2030 enim,
675 1950 779 2034 inquit
801 1953 976 2035 apestolus,
1011 1953 1053 2018 13
1080 1954 1239 2023 3313113

70 2059 214 2124 311331
238 2059 282 2124 ab
306 2057 379 2137 eis,
409 2059 525 2144 turpe
548 2059 609 2122 est
631 2055 753 2121 etiam
785 2055 923 2122 dicere.
958 2075 1015 2123 331
1037 2058 1139 2124 solum
1161 2058 1236 2137 hoo,

99 2181 175 2228 nam
201 2161 261 2228 131
283 2163 376 2226 33133
392 2164 440 2226 331
456 2161 488 2226 31
509 2161 576 2228 tam
591 2157 803 2243 praesentium
825 2161 1003 2244 temporum
1026 2179 1121 2244 qaam
1143 2180 1237 2244 prae·

99 2265 279 2330 teritorum.
312 2262 394 2328 illud
416 2263 545 2348 grauius
568 2266 598 2328 et
615 2265 789 2346 lugubrius,
812 2264 895 2346 quod
917 2265 1052 2348 33311113
1075 2262 1290 2332 3313113353

98 2386 185 2433 3333
208 2367 364 2446 addimus,
388 2384 444 2433 331
467 2369 568 2434 selum
591 2385 673 2433 noua
694 2369 748 2432 sed
761 2368 916 2452 quaedam
938 2369 1090 2451 paganica
1107 2386 1236 2454 31313·

99 2472 281 2556 digiosaet
308 2470 342 2535 13
370 2471 510 2536 331133113
539 2471 589 2537 dei
618 2474 691 2536 ante
719 2489 781 2536 333
809 2471 894 2550 3133,
929 2471 1082 2537 iactantes
1115 2471 1237 2539 soilioet

66 2574 249 2658 3333313313
271 2576 304 2641 13
323 2575 418 2639 deum
432 2593 524 2640 uaeas
540 2577 572 2640 31
588 2576 792 2642 contumelias
809 2574 1071 2660 blasphemantes,
1094 2567 1235 2642 dieentes

99 2681 194 2744 deum
224 2679 419 2746 incuriosum
448 2678 542 2744 deum
565 2697 628 2744 333
650 2679 868 2745 intendentem
890 2679 984 2745 deum
1007 2679 1235 2764 neglegentem,

206 2832 224 2886 3
241 2831 318 2886 Rom
336 2832 362 2897 8,
380 2831 415 2886 36
517 2831 664 2901 14113133.
683 2834 707 2900 5,
727 2832 760 2886 12

152 2969 170 3024 2
189 2969 387 3039 complerentur
403 2969 452 3024 331
468 2985 487 3023 3
502 2975 600 3040 mmet.
618 2970 647 3024 A
750 2971 767 3026 6
790 2971 843 3044 dei]
862 2970 966 3026 Christi
983 2971 1012 3026 Β
1116 2973 1131 3025 1
1150 2988 1236 3028 aom.

97 3058 127 3111 A
225 3054 320 3112 debere
337 3059 379 3120 A;
396 3056 469 3123 ‘fora
488 3057 554 3112 haee
571 3073 620 3110 333
638 3056 739 3111 debere’
755 3057 903 3127 Halmium·
921 3074 980 3114 mou
993 3059 1099 3128 prosu
1118 3059 1200 3115 immo
1219 3076 1237 3114 a

8 3185 9 3194 .
97 3149 230 3213 opertum
245 3165 281 3192 =
297 3159 326 3198 31
339 3147 403 3212 post
420 3142 485 3196 haee
501 3142 585 3209 focale
602 3143 748 3200 3331311131
762 3146 964 3213 permutatione
982 3161 997 3199 o
1014 3151 1041 3200 31
1058 3146 1068 3198 1
1089 3146 1140 3200 litt.
1158 3147 1191 3200 iu
1207 3146 1236 3200 A

98 3229 353 3298 311133333311133
380 3229 416 3296 of.
436 3229 629 3298 Sila-Beue.
645 3232 681 3284 15
788 3231 806 3286 8
831 3230 969 3286 reddimus
987 3247 1022 3286 33
1039 3231 1181 3286 reddemus
1210 3232 1235 3286 A

97 3330 171 3374 aare.
187 3332 223 3370 m.
241 3320 260 3372 2
362 3317 430 3384 dnae
447 3315 541 3370 demas
559 3316 588 3383 (i.
607 3333 629 3370 e.
648 3332 716 3385 qaae
733 3331 783 3370 nee
800 3316 894 3370 demus
911 3319 1125 3386 trmmpositioue
1143 3323 1234 3374 artum

98 3416 132 3455 33
156 3416 226 3469 qnae
243 3401 385 3456 deuaemus
398 3417 453 3472 333
474 3401 613 3467 debemus)
636 3403 664 3456 A
691 3417 759 3471 quae
782 3403 907 3458 debemus
927 3404 968 3469 B3
996 3405 1096 3460 ‘malim
1123 3405 1234 3475 probis

99 3487 209 3540 1331113
220 3502 287 3555 quae
300 3487 425 3542 debemus
437 3486 582 3554 reddimus,
600 3488 637 3555 ef.
656 3493 747 3542 tamea
763 3488 879 3544 mmiem
896 3490 1013 3545 relatiua?
1030 3491 1233 3548 collandationem

103 3570 130 3624 V
146 3575 177 3625 1.-
205 3571 266 3626 Seio
290 3571 492 3628 infidelissimos
508 3610 568 3629 ....
590 3572 677 3627 dioere
694 3572 822 3629 aduersus
840 3574 905 3630 haee
922 3591 999 3644 33333
1024 3592 1090 3644 quae
1108 3576 1232 3632 diximne’

99 3657 235 3712 Halmius
329 3659 361 3713 ll
381 3659 516 3728 improbos
534 3675 569 3714 eu
586 3658 725 3728 improbus
742 3661 771 3715 A
788 3663 939 3716 1313331
1035 3662 1232 3720 3111333331.

8 3727 9 3764 Ὗ
98 3743 293 3798 1333311331
310 3745 338 3798 13
357 3749 401 3810 (=
418 3744 572 3812 ebrietates)
596 3745 625 3798 A
686 3798 687 3807 ,
728 3747 961 3801 commessationes
985 3748 1013 3802 Β
1036 3749 1180 3818 31331333
1204 3765 1232 3804 m

95 3833 198 3897 333331.
210 3828 238 3882 A
324 3829 357 3883 12
369 3829 485 3886 faetidas
497 3829 623 3889 libidines
634 3832 732 3902 3131331
744 3833 824 3899 (euml.
838 3833 927 3888 Praei.
942 3837 1008 3906 71te
1020 3851 1099 3904 στεφ.
1114 3834 1156 3888 II
1162 3837 1233 3889 245:

98 3915 185 3968 istum
197 3913 283 3968 libido
295 3914 409 3970 foetida.
419 3953 426 3968 .
436 3915 507 3970 ,1313
517 3919 545 3970 31
555 3917 652 3972 eleusis
664 3918 813 3988 inquinat):
828 3917 942 3972 faeditas
952 3926 982 3982 (3.
993 3922 1037 3972 133
1046 3918 1110 3973 add.
1121 3923 1158 3988 te)
1169 3920 1233 3974 libi·

99 3998 233 4067 11313131
245 4003 317 4069 -333)
328 4000 357 4054 A
367 4004 434 4057 131
454 4000 597 4058 foeditates
608 4002 732 4058 libidinis
745 4005 773 4059 Β
793 4003 884 4058 foedas
897 4004 1023 4059 libidines
1037 4005 1162 4060 Halmius

98 4085 209 4141 rabidas
219 4086 363 4144 Halmius:
381 4088 489 4156 rapidas
500 4088 529 4142 A
539 4105 561 4144 3.
574 4090 622 4144 das
632 4105 683 4146 ser.
697 4089 725 4144 N
737 4092 797 4158 (eie)
809 4097 836 4146 31
847 4091 876 4146 Β
966 4091 999 4144 13
1016 4090 1085 4144 illud
1097 4091 1125 4145 Β
1137 4097 1165 4147 31
1176 4109 1230 4150 331.

99 4187 135 4226 ea
158 4171 224 4226 oeld.
250 4174 292 4226 est
314 4174 386 4243 qnod
401 4174 439 4229 ‘A
527 4175 577 4242 Ι111
601 4177 695 4247 etiam]
723 4178 794 4246 enim
821 4178 850 4232 A
875 4179 975 4246 (omem
999 4192 1034 4232 31
1059 4178 1233 4236 3313131331

100 4257 183 4326 enim)
288 4257 339 4312 131
364 4259 451 4314 solum
476 4260 505 4316 Β
610 4262 642 4317 16
669 4261 847 4331 pneumatium
871 4279 906 4318 ee
926 4263 1085 4332 praesertim
1108 4264 1137 4318 A
1161 4281 1233 4322 aare.

99 4358 136 4396 33
153 4344 187 4398 13
210 4343 360 4413 praesentis
376 4345 405 4399 Β
507 4345 543 4400 10
560 4349 750 4403 oautumeliose
768 4363 802 4402 33
818 4347 994 4419 contumeliae
1011 4350 1040 4404 A
1056 4364 1090 4404 m.
1109 4365 1163 4408 eea

1092 4456 1129 4509 6*
