3068 5012
450 407 487 460 de
504 401 639 473 gubern
658 398 711 455 dai
729 398 783 460 VII
801 403 817 465 d
833 399 928 460 9-15.
1190 399 1249 469 ιω

124 595 275 680 uoluptas
299 611 455 678 nusquam·
471 592 667 676 inquinatior
686 592 934 678 nonnusquam
962 598 1135 682 eorrupbior
1157 601 1249 667 disei-

128 701 224 784 plina.
270 699 351 765 huno
379 713 438 782 pro*
463 696 643 766 muneribus
672 699 770 765 saeris
795 697 948 764 dederunt
968 701 1094 767 domine
1110 702 1251 769 retribu-

128 805 258 883 tionem,
281 805 318 868 ut
339 803 373 867 in
395 798 547 884 qnantum
566 818 620 867 eos
641 800 793 870 bonideiis
814 804 879 867 uns
901 803 961 868 iste
973 803 1024 868 ad
1046 819 1080 869 ee
1102 804 1252 872 inlexerat

127 909 168 973 ad
191 904 435 990 propitiandum,
458 905 493 970 in
512 908 639 970 tanturn
657 903 863 988 illrdugioin
885 907 950 972 suis
975 906 1189 982 detumuerint
1212 908 1253 973 ud

108 1008 384 1076 eeraoerbandum.
456 1035 458 1044 ¹
597 1027 600 1035 ·
715 1029 718 1042 ·
969 1033 971 1040 ·

169 1147 231 1212 ΙΙΙ.
256 1147 310 1212 An
334 1145 421 1211 forte'
437 1145 552 1214 falsum
575 1149 623 1212 est
638 1129 670 1212 et
685 1147 837 1213 inuidiosa
859 1145 963 1232 potius
987 1166 1081 1232 quam
1103 1168 1176 1214 uere
1191 1147 1304 1214 ista13

132 1249 304 1318 dicuntur?
326 1267 390 1316 uon
411 1248 483 1314 utar
497 1267 533 1316 ea
546 1251 738 1334 probatione,
762 1267 825 1332 qua
838 1249 888 1314 uti
902 1249 958 1314 alii
973 1249 1004 1315 in
1021 1251 1123 1317 causis
1140 1251 1252 1329 solent,

130 1357 166 1418 ut
189 1355 356 1438 producam
374 1369 583 1436 quosoumque
599 1353 638 1418 ad
665 1353 857 1436 probandum
882 1339 935 1418 aut
950 1361 1062 1436 pantos
1079 1357 1134 1418 aut
1150 1355 1253 1420 extru-

124 1443 204 1521 'ueos
227 1457 282 1522 aut
304 1453 408 1520 minus
430 1453 555 1520 idoneos
577 1453 690 1522 testes:
720 1443 804 1540 ipsos
826 1457 1070 1540 interrogemus,
1099 1476 1118 1521 u
1141 1456 1253 1540 quibus

96 1579 120 1617 10
131 1564 204 1624 aeta
218 1563 302 1624 sunt.
319 1557 434 1626 falsum
450 1558 594 1636 diximus,
611 1558 638 1623 si
653 1560 806 1652 negarint.
823 1557 962 1623 fatentur
974 1557 1058 1624 euim
1074 1558 1253 1643 etquidem,

130 1661 213 1746 quod
236 1665 283 1727 est
304 1663 442 1746 grauius,
465 1661 508 1727 siu
529 1659 677 1742 fatentur,
700 1655 736 1726 u't
758 1663 790 1727 in
813 1661 881 1744 ipsa
904 1659 1092 1727 confessione
1114 1678 1175 1728 nou
1197 1664 1253 1728 do·

131 1765 227 1831 leant.
250 1765 334 1830 idem
358 1763 440 1830 enim
463 1783 545 1830 nuuc
566 1765 615 1829 eet
637 1768 759 1828 animus
781 1765 814 1828 in
837 1763 1006 1830 fatentibus
1028 1763 1082 1846 qui
1104 1765 1135 1830 in
1158 1781 1253 1850 agen·

130 1868 217 1933 tibus
240 1865 312 1932 fni.
338 1868 421 1935 sieut
442 1871 518 1934 tune
531 1885 593 1932 non
608 1865 720 1950 puduit
734 1866 856 1948 flagitia
878 1865 1082 1946 committere,
1105 1867 1254 1934 situnne

129 1971 258 2038 omnino
289 1989 350 2037 non
380 1966 518 2055 paenitet
546 1969 703 2053 flagitiosa
732 1968 849 2033 iecisse.
896 1969 1032 2051 exeeptis
1054 1969 1163 2035 tamen
1184 1968 1306 2055 per-14

96 2073 238 2159 repandis
260 2076 358 2141 ferme
381 2073 500 2140 sanetis
529 2077 623 2158 atque
646 2073 820 2156 insignibus
846 2072 939 2153 uiris,
970 2075 1038 2156 qui,
1067 2073 1255 2158 etquidem

129 2179 167 2244 de
198 2196 328 2244 numero
356 2180 496 2263 ipsorum
523 2179 585 2257 ait,
620 2179 774 2261 sparsis
807 2177 1060 2243 redemerunt
1092 2177 1256 2243 erimina

130 2282 314 2362 nummis,
340 2279 485 2365 exeeptis,
510 2283 648 2366 inquam,
671 2280 718 2347 his
741 2282 858 2364 loquor,
881 2297 957 2363 quos
977 2279 1085 2363 utique
1104 2282 1199 2346 etiam
1221 2279 1254 2346 in

130 2384 189 2449 illa
203 2386 281 2451 tune
296 2385 435 2470 generali
448 2383 614 2450 admodum
631 2383 814 2450 conluuione
834 2382 983 2449 uitiorum
1000 2386 1084 2448 recte
1100 2382 1255 2448 minorum

132 2487 302 2553 eriminum
331 2503 399 2552 reos
429 2487 523 2552 fuisse
546 2487 713 2567 oredimus,
743 2487 797 2569 qui
823 2486 935 2569 porrigi
962 2503 980 2551 a
1002 2483 1166 2550 diuinitate
1189 2504 1256 2551 me·

96 2613 120 2654 ee
131 2591 273 2656 ruerunt.
296 2609 357 2656 nun
372 2591 497 2673 penitus
512 2589 595 2655 enim
611 2589 771 2654 dominum
786 2607 877 2654 suum
893 2589 989 2655 laedit
1011 2591 1060 2654 uui
1076 2589 1255 2672 propitiatio

131 2697 321 2759 reseruatur.
345 2695 377 2758 et
398 2691 473 2777 quid
494 2693 608 2776 plura?
629 2697 705 2775 puto
729 2690 810 2776 quod
833 2709 954 2775 semper
969 2689 1062 2757 deum
1083 2695 1115 2756 et
1135 2692 1168 2757 in
1190 2692 1256 2774 ipso

132 2813 237 2862 errore
250 2797 433 2882 respexerit,
456 2814 551 2878 aquo
567 2794 629 2860 hoe
643 2794 783 2861 obtinere
803 2796 919 2879 potuit,
942 2813 979 2862 ne
994 2795 1113 2863 diutius
1131 2799 1256 2861 erraret.

131 2900 229 2966 reteri
259 2903 363 2965 autem
396 2901 427 2964 et
460 2899 590 2983 plurimi
623 2901 721 2966 ferme
754 2918 791 2965 ae
824 2899 1010 2965 nobilissimi
1042 2918 1136 2983 prope
1174 2901 1258 2965 idem
1268 2894 1307 2960 15

132 3021 258 3069 omnes:
280 3022 377 3088 paene
400 3021 480 3069 uuus
502 3020 616 3090 gurges
632 3004 770 3068 omnium
788 3002 865 3088 gula
886 3021 984 3088 paene
1008 3020 1105 3068 uuum
1128 3003 1258 3086 lupanar

98 3108 277 3173 nomnium
300 3107 377 3172 uita
402 3106 528 3188 etquid
551 3107 653 3173 dinam
675 3105 713 3170 de
734 3105 959 3190 lupanaribus?
991 3104 1122 3171 minoris
1144 3105 1257 3189 quippe

183 3395 203 3448 6
225 3394 368 3464 inuidioso]
390 3391 513 3448 odiosum
536 3393 564 3447 Β
665 3393 681 3446 ‘l
704 3407 758 3448 nnn
780 3398 843 3448 utar
866 3411 897 3450 ea
915 3393 1059 3450 Haterium
1088 3409 1142 3449 non
1159 3393 1257 3448 utsoire

131 3497 148 3534 a
164 3483 194 3534 A
220 3495 275 3537 nou
291 3482 324 3534 nt
340 3492 385 3534 ore
401 3495 417 3534 a
433 3480 461 3535 Β
479 3482 545 3547 (non
557 3479 673 3534 oratorie
693 3481 1025 3549 reseruassemus
1043 3481 1258 3537 solentnddrmt

132 3569 209 3634 utar)
221 3581 274 3620 non
287 3569 349 3620 utar
360 3565 463 3620 soilioet
474 3581 505 3640 ea
516 3567 673 3634 respiratur
685 3566 832 3622 Horteb'wo
916 3568 933 3621 8
950 3569 999 3621 aut
1017 3567 1123 3636 paunus]
1140 3567 1176 3620 ad
1194 3581 1258 3636 pau·

131 3668 175 3707 oon
199 3653 277 3720 BtT)
381 3651 413 3707 10
434 3652 533 3706 falsum
556 3653 587 3705 ut
609 3653 637 3707 Β
739 3653 864 3720 negarint
886 3652 913 3706 Β
934 3657 962 3707 et
984 3665 1054 3708 corr.
1073 3668 1106 3707 en
1128 3653 1259 3720 negarent

132 3756 167 3794 aa.
185 3741 207 3794 2
233 3739 262 3793 A
364 3737 398 3792 la
422 3738 528 3807 puduit]
549 3739 645 3807 potuit
657 3735 710 3793 'eod
725 3754 747 3793 e.
767 3754 783 3792 o
800 3753 851 3794 eor.
869 3755 905 3794 m.
922 3739 1003 3794 deni
1022 3742 1098 3808 (ergo
1114 3736 1258 3806 poenituit)

133 3826 161 3879 A
257 3825 282 3878 ei
298 3839 319 3878 e
336 3837 389 3880 eor.
404 3840 421 3880 o
436 3839 471 3878 ea
488 3840 541 3879 ree.
559 3824 587 3877 A
683 3825 718 3879 14
734 3824 855 3894 paenitet
868 3821 916 3879 bio
931 3825 959 3879 A
1057 3823 1089 3878 15
1106 3821 1258 3892 insignibus

134 3927 169 3966 en
185 3910 345 3980 insegnitns
361 3911 389 3964 A
406 3925 474 3965 corr.
488 3925 527 3964 m.
546 3912 567 3964 Β
669 3911 701 3964 16
726 3911 893 3964 redemerunt
910 3925 945 3965 eor
961 3909 1125 3966 redimerunt
1141 3909 1169 3963 A
1186 3923 1258 3964 aare.

134 4013 168 4050 eu.
180 3997 308 4062 uuarba
318 3995 435 4050 mma
446 3994 597 4052 haemmi
605 4001 715 4065 portem
726 4011 783 4052 eaeo
793 3997 970 4064 manifestum
980 3995 1107 4062 uidem,-
1123 3995 1259 4063 semeptio

133 4081 194 4152 oya.
205 4081 460 4150 muoparoniotuue,
478 4081 696 4150 perempturum
706 4082 862 4150 neminen
871 4080 1145 4138 babentinuereebtee
1163 4081 1260 4134 ‘mete'

135 4167 211 4236 Μ’,
236 4169 261 4222 et
287 4183 364 4237 gurm
390 4167 548 4235 offenderit,
574 4167 657 4236 facito
680 4169 882 4238 coemptum
908 4170 935 4222 A
963 4168 1129 4223 redimerunt
1155 4166 1260 4232 (eunom

132 4255 222 4322 poenit
244 4253 422 4320 redimebant;
448 4259 566 4310 eneam
588 4270 608 4308 a
620 4250 830 4324 preoproseota
841 4255 903 4308 ¹atat
919 4255 1004 4308 uerba
1021 4253 1191 4322 nondtqaet)

138 4340 170 4394 17
189 4355 256 4410 qnos
273 4341 368 4410 loquor
385 4340 413 4394 Β
515 4339 550 4396 20
566 4339 652 4394 laedit
669 4339 752 4406 (ludit
768 4357 803 4396 m,
821 4343 848 4407 1>
866 4355 944 4394 sunm
961 4340 988 4394 Β
