3096 5018
259 426 322 494 278
745 421 906 475 Saluiani

260 615 457 699 inreligiosae
481 613 594 678 mentis
615 613 794 696 ingenium!
825 613 946 677 inuenit
967 630 1027 694 quo
1050 614 1208 678 uideretur
1229 613 1304 678 filiis
1328 618 1392 682 suis

260 721 378 785 maiore
412 735 487 799 erga
519 719 614 781 deum
647 733 704 780 sua
734 716 885 798 inpietate
919 716 1090 780 consulere.
1133 717 1207 782 fecit
1240 718 1324 782 enim
1356 721 1393 783 nt

261 823 369 890 sancta
401 820 525 886 suboles
556 837 650 884 usum
683 837 787 883 rernm
821 819 937 884 habens
970 818 1020 884 ins
1048 837 1155 884 rernm
1183 837 1243 883 non
1272 819 1391 886 habens

262 928 350 1008 qnasi
376 923 514 1006 locuples
542 922 670 1003 quidem
696 922 827 1000 uiueret,
857 922 911 986 sod
934 922 1024 1005 qnasi
1046 924 1186 988 mendica
1207 927 1390 1007 moreretur,

261 1047 298 1096 ac
320 1029 367 1093 sic
381 1028 513 1094 testator
528 1025 763 1092 infidelissimus
781 1027 877 1109 plena
891 1026 929 1090 de
943 1027 1001 1093 hoo
1023 1030 1139 1094 mundo
1155 1031 1259 1108 posset
1273 1027 1390 1094 securi·
1414 1051 1428 1091 s

260 1134 326 1196 tate
349 1130 516 1206 discedere,
545 1147 616 1194 cum
639 1129 733 1194 sciret
755 1129 792 1194 de
814 1145 869 1194 suo
890 1132 930 1194 ad
954 1129 1049 1194 deum
1076 1130 1201 1212 penitus
1229 1131 1392 1213 peruenire

261 1235 307 1299 nil
335 1252 434 1317 posse.
474 1231 617 1315 quamuis
645 1231 678 1296 in
705 1232 764 1298 boo
792 1235 869 1314 ipso,
892 1235 973 1314 quod
1003 1233 1194 1314 supradixi,
1222 1253 1277 1316 per
1298 1253 1391 1300 usum

261 1357 366 1403 rerum
394 1337 535 1419 aliquam
563 1335 645 1402 filios
668 1336 830 1418 religiosos
853 1355 947 1418 opum
968 1337 1141 1420 imaginem
1163 1337 1328 1420 possidere,
1351 1357 1391 1402 ne

259 1443 318 1506 hoc
346 1440 388 1505 sit
416 1439 557 1523 quidem,
586 1442 659 1523 quia
688 1441 748 1506 etsi
775 1459 850 1505 usus
879 1439 1004 1504 uidetur
1025 1439 1145 1522 aliquid
1166 1440 1287 1517 habere,
1317 1458 1391 1504 oon·

259 1545 389 1610 scientia
420 1548 526 1610 tamen
560 1561 623 1607 non
657 1543 764 1621 habet;
799 1561 890 1610 nemo
921 1546 1006 1608 enim
1034 1544 1139 1627 potest
1168 1563 1201 1608 se
1227 1543 1279 1609 uel
1301 1543 1390 1610 breui
1400 1571 1428 1611 ιο

260 1648 392 1714 diuitem
416 1647 548 1725 credere,
573 1649 627 1730 qni
650 1649 711 1712 scit
734 1667 767 1713 se
789 1649 949 1730 proprium
972 1649 1017 1712 nil
1040 1647 1162 1712 habere.

207 1770 248 1835 31
303 1770 374 1834 Vll.
406 1766 486 1846 Quid
516 1768 593 1850 agis,
624 1769 801 1834 miserrima
829 1767 999 1832 infidelitas
1022 1771 1055 1832 et
1077 1769 1255 1850 paganicae,
1284 1771 1322 1834 ut
1342 1769 1390 1835 ita

260 1872 401 1954 dixerim,
431 1869 683 1953 inreligiositatis
714 1874 821 1936 error?
854 1872 938 1936 itane
960 1873 1085 1936 tautum
1108 1871 1203 1936 odisti
1225 1873 1329 1950 deum,
1352 1875 1390 1937 nt

260 1975 359 2058 possis
382 1975 478 2038 etiam
496 1973 577 2040 filios
592 1978 663 2039 tuos
678 1974 716 2038 ob
734 1975 792 2039 boc
806 1976 944 2053 tantum,
967 1977 1041 2057 quia
1056 1976 1095 2039 ad
1111 1976 1204 2039 doum
1218 1975 1388 2058 pertinent,

260 2099 322 2145 nou
338 2082 467 2150 amare?
483 2081 611 2146 meliore
627 2081 709 2144 enim
725 2079 902 2145 condicione
917 2080 1042 2162 quidam
1060 2080 1242 2161 relinquunt
1256 2078 1389 2144 libertos
1400 2103 1427 2144 15

184 2169 190 2173 ’
260 2201 332 2248 snos
356 2203 449 2266 quam
472 2186 508 2250 tn
530 2185 678 2267 relinquis
701 2183 781 2249 filios
804 2186 886 2248 tuos.
920 2186 951 2248 in
976 2203 1035 2249 nau
1057 2184 1210 2265 siquidem
1234 2183 1389 2249 cotidiano

260 2293 307 2352 est
329 2290 365 2352 nt
387 2289 482 2366 serui,
511 2292 570 2353 etsi
598 2306 661 2353 non
688 2289 824 2370 optimae
854 2289 938 2352 certe
961 2304 1022 2352 non
1045 2286 1193 2368 inprobae
1215 2289 1388 2369 seruitutis

259 2391 399 2457 Romana
422 2413 441 2457 a
462 2392 597 2458 dominis
620 2393 764 2458 libertate
785 2393 950 2469 donentur,
979 2391 1013 2454 in
1036 2409 1098 2474 qua
1119 2391 1242 2456 scilicet
1264 2396 1296 2455 et
1317 2409 1389 2474 pro·

260 2499 428 2576 prietatem
450 2496 564 2578 peculii
587 2498 717 2579 capiunt
739 2503 771 2560 et
790 2497 839 2560 ius
854 2498 1128 2562 testamentarium
1144 2499 1389 2579 consequuntur,

259 2602 305 2666 ita
326 2603 364 2664 ut
386 2603 418 2665 et
439 2602 581 2665 uiuentes
612 2600 663 2665 oui
691 2600 804 2666 uolunt
832 2619 882 2664 res
910 2619 982 2664 suas
1010 2600 1138 2664 tradant
1166 2601 1198 2662 et
1219 2597 1427 2666 morientesso

259 2705 423 2769 donatione
453 2705 678 2769 transcribant:
708 2723 765 2768 nec
798 2704 899 2768 solum
931 2702 999 2786 hoc,
1028 2703 1082 2768 sed
1106 2707 1137 2766 et
1159 2702 1226 2778 illa,
1255 2719 1334 2782 quae
1356 2703 1390 2766 in

260 2807 413 2871 seruitute
435 2807 529 2888 positi
552 2807 794 2889 conquisierant,
817 2827 854 2872 er
875 2807 1071 2872 dominorum
1087 2807 1178 2870 domo
1193 2804 1304 2870 tollere
1326 2823 1390 2869 non

259 2912 418 2975 notantur.
462 2912 586 2974 tantum
615 2912 660 2976 eis
689 2911 850 2975 interdum
879 2911 981 2993 gratia
1010 2911 1159 2992 patronae
1188 2907 1389 2974 liberalitatis

259 3013 399 3095 inpertit,
425 3017 461 3078 nt
484 3015 579 3078 etiam
601 3013 663 3078 iuri
685 3032 741 3078 suo
765 3014 912 3080 detrahat
940 3017 1019 3096 quod
1043 3006 1228 3078 libertorum
1252 3011 1389 3077 dominio

207 3109 250 3174 32
260 3115 421 3200 largiatur.
456 3117 581 3199 quanto,
605 3135 622 3180 o
639 3119 778 3201 quisquis
800 3117 854 3182 ille
871 3137 903 3183 es
918 3116 1135 3182 infidelissime
1150 3117 1248 3198 pater,
1271 3119 1426 3197 quantoe

260 3221 381 3286 domini
408 3221 458 3287 illi
485 3222 599 3286 melius
623 3239 694 3285 oum
722 3221 847 3286 libertis
869 3223 969 3306 agunt
992 3239 1085 3303 quam
1109 3221 1145 3283 tu
1168 3239 1240 3284 oum
1262 3219 1388 3283 liberis!

260 3323 309 3389 illi
331 3345 409 3407 quac
431 3325 548 3390 donant
570 3329 719 3408 perpetuo
735 3325 805 3390 inre
819 3327 936 3390 donant
951 3327 987 3389 tn
1002 3325 1204 3406 temporario:
1228 3323 1275 3388 illi
1290 3325 1389 3390 tosta-

312 3583 326 3636 1
345 3583 518 3649 inreligiosae
535 3598 556 3635 s.
575 3599 594 3636 n
611 3597 662 3636 scr.
680 3599 694 3634 r
711 3587 776 3636 Μ
793 3583 822 3635 Β
920 3581 1027 3636 uidetur
1046 3582 1073 3634 Β
1167 3581 1305 3635 uideretur
1321 3581 1389 3635 tiliis

259 3669 316 3722 suis
334 3672 362 3722 A
380 3670 463 3738 (quod
478 3670 554 3740 sopit
571 3671 732 3736 Halmium),
760 3670 825 3724 filiis
842 3669 899 3724 suis
916 3669 971 3724 niu
990 3671 1017 3724 Β
1119 3669 1137 3722 3
1158 3668 1261 3724 soboles
1279 3686 1314 3724 cc
1330 3669 1390 3723 snb.

258 3771 329 3809 corr.
347 3758 420 3811 m.2
444 3756 472 3808 A
501 3756 604 3811 soboles
627 3757 656 3809 Β
757 3757 777 3810 4
801 3756 878 3824 quasi
895 3759 973 3824 (post
990 3756 1048 3819 sed)
1065 3771 1087 3810 s.
1104 3756 1124 3808 1.
1140 3755 1205 3810 odd
1222 3773 1258 3810 aa
1275 3761 1292 3810 1
1309 3755 1391 3810 accl2

259 3843 287 3895 A
372 3844 390 3896 5
407 3843 495 3911 posset
512 3843 622 3910 scripsi:
647 3842 733 3910 possit
750 3842 942 3897 ABHolmius
1027 3843 1044 3895 9
1062 3841 1224 3896 conscientia
1236 3858 1271 3896 cx
1284 3842 1390 3897 conada

259 3945 327 3984 corr.
347 3933 411 3982 Μ
428 3930 456 3982 A
548 3929 581 3982 13
598 3929 700 3996 irrelig.
719 3945 753 3982 cc
770 3929 878 3998 inrelig.
896 3944 966 3996 corr.
983 3931 1049 3982 m.2
1066 3928 1093 3981 Β
1186 3929 1220 3984 15
1236 3927 1390 3983 condicione

259 4032 293 4070 ccc
305 4015 457 4070 conditione
467 4029 571 4068 rasura
581 4030 651 4068 corr.
663 4016 691 4068 A
778 4015 812 4068 16
829 4014 971 4086 siqnidem]
985 4013 1090 4083 quidem
1105 4015 1132 4068 Β
1221 4015 1252 4070 17
1271 4013 1390 4068 obtimae

259 4103 287 4156 Β
314 4103 414 4170 optime
432 4118 465 4156 ec
483 4102 584 4170 optime
602 4106 643 4168 (ot
659 4103 754 4156 statim
770 4101 881 4170 inprobe
899 4117 933 4154 cc
949 4101 1071 4169 inprobe)
1089 4116 1193 4154 rasura
1204 4115 1274 4154 corr.
1293 4098 1322 4153 A

258 4189 292 4242 21
310 4189 506 4244 transscribant
523 4188 551 4242 Β
636 4189 671 4243 25
687 4188 888 4254 infidelissimos
904 4188 933 4240 A
1018 4189 1052 4240 26
1069 4190 1102 4240 tu
1114 4203 1163 4242 eon
1180 4185 1274 4240 liboris
1292 4186 1321 4239 B

258 4274 293 4326 27
311 4274 406 4342 illique
423 4291 444 4327 a.
456 4290 509 4328 scr.
520 4276 588 4327 Μ
605 4275 675 4342 quod
693 4274 721 4326 Β
814 4273 973 4343 temporario
992 4289 1027 4326 cx
1045 4271 1099 4325 -sia
1117 4288 1190 4326 corr.
1206 4274 1275 4326 m.2
1291 4271 1320 4324 B

258 4361 416 4413 testamenti
434 4376 468 4413 cc
487 4362 530 4413 -to
549 4364 575 4412 ct
593 4361 687 4414 statim
705 4359 812 4414 libertis
830 4375 864 4414 ccc
881 4360 1018 4414 libertatis
1035 4375 1106 4416 corr.
1122 4376 1158 4414 ss.
1176 4358 1242 4412 213
