3068 5012
264 411 327 477 232
749 410 907 464 Saluiani

263 597 378 666 dialem
400 599 504 664 diuino
525 599 645 665 cunctis
669 619 796 666 munere
819 601 886 665 dari
909 601 1014 665 nullus
1037 601 1139 678 homo,
1162 603 1198 665 ut
1220 617 1299 677 reor,
1316 621 1394 667 am·

263 701 355 787 tigit,
386 705 439 785 qui
468 704 559 768 modo
588 702 621 768 in
651 703 814 769 hominum
845 723 1010 768 numerum
1040 704 1149 769 referri
1178 708 1291 786 potest.
1331 704 1394 770 nisi

263 805 342 871 forte
365 807 433 888 quis
455 809 563 870 tantae
586 807 628 871 sit
651 807 833 889 sapientiae,
856 811 893 871 ut
915 824 986 871 cum
1010 807 1146 872 humano
1168 808 1277 891 generi
1301 826 1394 873 nnun-

263 911 320 974 dus
349 907 416 991 ipse
439 911 535 974 adeo
564 911 655 974 datus
684 911 735 991 sit,
769 931 804 975 ea
826 927 904 992 quae
925 911 959 974 in
983 913 1098 976 mundo
1121 915 1195 976 sunt
1211 929 1273 976 uon
1296 914 1393 977 adeo

262 1012 441 1077 hominibus
464 1013 539 1078 data
561 1015 740 1078 arbitretur.
777 1015 877 1094 igitur
899 1014 927 1078 si
950 1016 1054 1080 omnia
1076 1015 1220 1079 omuibus
1235 1015 1310 1079 deus
1333 1015 1393 1078 tri·
1416 1040 1430 1081 e

262 1115 342 1195 buit,
366 1117 485 1181 nemini
508 1118 638 1182 dubium
662 1119 719 1200 est,
748 1118 830 1200 quod
854 1137 899 1196 ea,
929 1137 1007 1201 quae
1030 1119 1080 1183 dei
1103 1119 1185 1184 dono
1204 1119 1392 1200 accepimus,

263 1220 303 1283 ad
333 1219 383 1284 dei
418 1220 538 1284 cultum
573 1220 685 1284 referre
718 1221 864 1286 debemus
887 1222 919 1284 et
940 1222 972 1284 in
1000 1224 1066 1285 eius
1090 1238 1188 1303 'opere
1211 1239 1392 1288 consumere

210 1327 342 1403 25quae
375 1323 514 1386 eiusdem
544 1323 733 1405 sumpsimus
762 1324 920 1406 largitate.
956 1325 1012 1387 boe
1034 1327 1118 1389 enirn
1149 1328 1197 1388 est
1226 1341 1394 1406 agnoscere

261 1443 376 1490 munus
403 1427 454 1490 dei
476 1429 508 1489 et
530 1426 644 1492 diuinis
674 1427 832 1492 benefieiis
862 1429 939 1491 bene
962 1427 1020 1504 uti,
1050 1428 1087 1491 ιιι
1110 1428 1192 1492 datis
1215 1427 1278 1491 suis
1301 1428 1394 1491 illum

262 1528 409 1612 honores,
441 1547 541 1611 aquo
564 1531 636 1595 data
658 1530 724 1612 ipsa
756 1531 926 1611 acceperis:
962 1531 1044 1611 qued
1067 1529 1194 1611 quidam
1215 1533 1310 1594 etiam
1333 1530 1431 1594 ιιι-ιο

262 1651 424 1698 manarum
453 1653 559 1700 rerum
587 1635 727 1716 exempla
755 1635 893 1699 edocent.
928 1635 954 1698 si
981 1635 1067 1698 enim
1096 1651 1171 1698 usus
1199 1652 1302 1698 rerum
1333 1634 1393 1697 ali·

263 1754 396 1818 quarum
419 1738 555 1819 cuipiam
579 1737 696 1801 homiui
720 1737 851 1801 alterius
874 1737 1009 1802 hominis
1029 1737 1176 1802 beneficio
1194 1754 1231 1801 ac
1246 1737 1394 1820 largitate

263 1839 419 1903 tribuatur
443 1842 531 1923 isque
553 1841 705 1904 inmemor
729 1839 825 1916 illius,
850 1855 943 1921 aquo
959 1839 1097 1904 fructum
1117 1839 1393 1922 rerumindeptus

262 1947 326 2019 est,
361 1949 501 2006 auertere
530 1942 569 2006 ab
600 1959 635 2006 eo
666 1944 732 2023 ipso
767 1942 990 2024 proprietatem
1024 1945 1193 2024 praestitae
1222 1942 1267 2007 rei
1299 1946 1394 2024 atque

230 2045 397 2110 'alienare
430 2048 568 2125 conetur,
600 2063 700 2109 nonne
730 2046 962 2129 ingratissimus
992 2048 1131 2110 omnium
1161 2049 1255 2128 atque
1282 2045 1432 2110 infide-1⁵

261 2147 403 2213 lissimus
436 2148 602 2226 iudicetur,
637 2151 690 2231 qui
724 2149 839 2214 oblitus
874 2149 994 2214 scilicet
1027 2149 1161 2214 bominis
1194 2149 1326 2214 benefici
1357 2167 1395 2214 ac

261 2250 475 2316 liberalissimi
508 2252 639 2334 spoliare
673 2252 766 2315 illum
799 2253 867 2317 iure
896 2253 1026 2317 dominii
1049 2253 1098 2317 sui
1120 2252 1208 2330 uelit,
1243 2254 1297 2333 qui
1321 2269 1394 2316 eum

210 2357 252 2424 26
262 2355 363 2438 ipsum
385 2373 460 2419 usus
483 2355 676 2437 possessione
699 2355 875 2420 ditauerit?
898 2366 930 2421 et
952 2375 1007 2422 nos
1029 2355 1136 2437 itaque
1152 2373 1243 2420 usum
1267 2359 1395 2419 tanturn

262 2475 496 2522 serumserum
520 2458 712 2540 accepimus,
740 2475 817 2539 quas
841 2459 1001 2533 tenemus3
1037 2457 1248 2523 commodetis·
1266 2458 1395 2522 anima

262 2561 319 2625 deo
348 2561 554 2626 fatuitatibus
585 2561 706 2625 utimur
728 2564 760 2624 et
783 2561 871 2641 quusi
900 2560 1034 2642 precarii
1060 2578 1249 2643 possessores
1272 2579 1431 2626 sumusro

261 2663 394 2746 denique
417 2665 610 2747 egredientes
631 2665 779 2728 emundo
797 2665 867 2743 isto,
891 2664 1025 2729 uelimus
1041 2665 1188 2742 nolimus,
1212 2663 1265 2727 hic
1281 2668 1395 2729 cuncta

261 2767 479 2849 relinquimus.
517 2785 572 2832 cur
603 2779 677 2850 ergo
706 2785 778 2832 curn
806 2783 997 2849 possessores
1024 2768 1249 2832 usufructuarii
1281 2768 1393 2845 simus,

262 2874 343 2952 quod
372 2870 536 2936 nobiscnm
564 2870 684 2934 auferre
715 2888 776 2935 non
803 2888 967 2952 possumus
997 2876 1139 2935 auertere
1162 2889 1180 2934 a
1200 2872 1396 2952 proprietate

261 2973 378 3040 domini
401 2975 495 3056 atque
517 2975 654 3039 alienare
676 2977 893 3057 temptamus?
922 2991 976 3038 eur
997 2991 1059 3039 non
1082 2973 1245 3038 bonafide
1267 2974 1352 3039 datis
1372 2992 1394 3037 a

262 3077 317 3142 deo
340 3077 470 3142 resculis
499 3078 640 3142 utimur?
670 3079 830 3142 tenuimus
853 3078 954 3159 quoad
976 3077 1084 3155 licuit,
1107 3077 1275 3141 tenuimus
1290 3077 1431 3159 quoada

209 3181 251 3249 27
262 3182 405 3263 permisit
428 3180 482 3244 ille
505 3181 557 3263 qui
581 3181 750 3262 praestitit.
782 3179 856 3263 quid
871 3179 987 3246 rectius
1003 3181 1078 3262 quid
1101 3180 1273 3259 honestius,
1295 3197 1393 3262 quam

261 3289 298 3347 ut
319 3284 373 3348 ubi
396 3303 445 3350 res
470 3284 508 3348 eb
538 3303 573 3348 eo
603 3285 746 3363 discedit,
781 3285 834 3366 qui
864 3301 956 3347 usum
986 3285 1108 3366 hebuit,
1143 3286 1322 3348 reuertatur
1352 3283 1393 3348 ad

261 3404 334 3450 eum
362 3387 528 3469 possessio,
565 3389 617 3468 qui
645 3388 798 3453 utendam
827 3388 1004 3453 concessit?
1037 3388 1169 3469 denique
1190 3390 1286 3453 etiam
1308 3389 1392 3469 ipsae

260 3489 318 3554 hoe
340 3488 388 3554 dei
411 3508 502 3556 uoces
519 3509 575 3572 per
592 3491 715 3574 linguas
738 3491 917 3556 litterarum
939 3509 1098 3557 sacrarum
1121 3493 1232 3557 iubent
1249 3492 1393 3556 dieentes

280 3761 281 3767 ¹
311 3747 327 3800 3
354 3747 509 3816 ‘sapientiae
536 3747 641 3801 ironice
669 3747 773 3800 dimum
800 3761 855 3800 esse
881 3747 937 3800 iam
960 3747 1092 3800 Pithoeus
1117 3745 1233 3800 mouud'
1260 3745 1393 3800 Halmius

260 3834 443 3902 (insipientiae
464 3839 613 3902 praetcrp
631 3833 714 3886 etium
738 3833 832 3886 Puris.
851 3835 929 3899 2173)
1035 3833 1052 3885 6
1075 3832 1145 3885 dona
1164 3832 1223 3898 (sic)
1247 3830 1392 3899 accipimus

259 3919 288 3973 B
390 3919 407 3972 8
429 3918 500 3972 enim
524 3921 566 3972 ert
589 3919 645 3972 AB
674 3921 714 3971 est
736 3919 806 3970 enirn
829 3917 960 3972 Hebriue
982 3919 1024 3972 aii
1047 3917 1186 3972 micas
1200 3917 1235 3970 iu
1251 3923 1393 3985 apparata

259 4005 353 4060 critico
445 4005 461 4058 9
480 4003 615 4058 beneficiis
634 4019 667 4058 eu
684 4003 806 4058 beneficis
824 4019 894 4057 corr.
912 4006 980 4057 ιιι
998 4006 1025 4056 A
1115 4004 1152 4057 20
1167 4017 1295 4073 praeceru
1310 4003 1389 4057 litu

259 4107 292 4146 coc
302 4097 382 4160 parte
393 4105 461 4146 eras.
481 4091 507 4143 A
597 4092 630 4144 21
648 4090 815 4144 biacaonncta
833 4092 860 4142 A
886 4089 949 4143 hinc
966 4093 1062 4144 cuncta
1079 4089 1128 4144 sed
1141 4095 1241 4158 punct.
1258 4105 1277 4142 n
1295 4089 1324 4144 B

259 4177 294 4230 22
307 4181 371 4245 post
389 4191 548 4246 possessores
566 4191 587 4229 s.
599 4177 617 4230 l.
628 4193 661 4231 m.
677 4179 697 4231 2
724 4179 832 4231 tanturn
843 4176 908 4232 cdd.
921 4178 949 4228 A
961 4177 1046 4245 (quod
1057 4177 1161 4246 recepit
1172 4176 1322 4240 Bubasius)

259 4263 455 4329 usufructuari,
475 4263 534 4330 (sic)
553 4277 574 4316 s.
592 4263 602 4315 i
620 4277 704 4317 scae
729 4264 757 4317 A
859 4262 895 4317 25
917 4262 1026 4316 resculis
1045 4264 1156 4331 priores
1176 4267 1271 4330 puroet
1294 4263 1322 4316 B

259 4349 294 4403 28
312 4346 441 4402 utendam
458 4363 521 4402 cam
533 4365 564 4416 p,
583 4354 615 4403 ιιι
632 4347 700 4415 aid„
717 4348 862 4404 Euboicas:
890 4347 989 4402 utenda
1007 4349 1062 4403 AB
