2972 5000
448 361 485 416 de
503 361 640 430 gubern.
660 359 711 415 dei
734 361 779 416 III
798 364 813 427 ἕ
831 359 906 414 2-6.
1198 361 1239 429 43

102 553 322 637 adprobamus
347 551 430 637 quod
450 552 542 636 regit,
566 551 639 636 quia
667 567 700 616 se
720 569 826 636 regere
849 549 999 616 testatur:
1023 564 1093 615 cnm
1111 550 1244 634 legimus

101 657 189 740 quod
214 655 375 740 praesenti
404 654 518 721 iudicio
548 654 695 720 uniuersa
729 654 905 737 dispenset,
936 653 994 718 hcc
1021 654 1087 736 ipso
1117 654 1242 718 euidens

102 763 155 828 est
179 761 267 844 quod
291 759 417 840 iudicat,
441 759 514 842 quia
536 777 568 824 se
590 757 726 824 indicare
743 757 915 824 confirmat.
938 756 1003 822 elia
1023 757 1105 824 enim
1129 758 1241 840 omnia,

99 865 135 930 id
162 869 215 930 est
240 865 379 930 humana
400 863 491 939 dicta,
517 860 709 946 argumentis
732 879 768 926 ac
787 861 922 926 testibus
938 861 1045 944 egent:
1070 863 1118 926 dei
1137 864 1243 926 autem

79 985 211 1033 csermo
236 967 304 1049 ipse
328 967 388 1033 sibi
402 966 494 1032 testis
511 967 565 1046 est,
590 967 664 1049 quia
684 982 806 1030 neeesse
822 966 879 1042 est,
904 963 1050 1046 quicquid
1066 963 1243 1046 incorrupta

98 1071 226 1136 ueritas
254 1069 408 1152 loquitur,
438 1069 653 1152 incorruptum
681 1067 724 1133 sit
752 1068 966 1133 testimonium
995 1067 1149 1132 ueritatis.
1187 1063 1271 1132 sed5

99 1175 216 1239 tamen
245 1191 318 1238 cum
345 1193 400 1257 per
426 1174 596 1257 scripturas
628 1189 731 1238 sacras
760 1169 922 1236 seirenes
954 1171 1042 1253 quasi
1065 1174 1102 1236 de
1130 1186 1241 1235 arcano

103 1277 205 1343 animi
242 1296 279 1342 ac
311 1279 424 1343 mantis
454 1297 528 1344 suae
558 1279 708 1359 quaedam
737 1275 872 1340 uoluerit
902 1274 976 1340 dens
1010 1274 1133 1354 noster,
1167 1271 1241 1355 qnia

101 1381 213 1464 ipsum
238 1381 466 1462 quodammodo
487 1381 661 1464 scripturae
684 1397 790 1445 sacrae
813 1379 971 1445 oraculum
1000 1379 1050 1445 dei
1072 1397 1159 1442 mens
1182 1378 1239 1455 est,

67 1483 259 1566 requicquid
282 1484 335 1548 uel
356 1483 483 1566 agnosci
511 1503 565 1566 per
594 1501 664 1549 snos
686 1483 739 1548 uel
761 1483 935 1566 praedicari
957 1481 1032 1547 deus
1055 1481 1157 1547 uoluit
1178 1499 1241 1546 non

98 1587 228 1652 tacebo.
260 1605 358 1651 unum
382 1586 526 1669 quamuis
548 1586 635 1670 prius
659 1605 751 1668 quarn
773 1584 860 1669 loqui
882 1585 986 1650 ordiar
1007 1587 1084 1650 seire
1106 1587 1238 1667 cupiam,

99 1709 173 1754 cum
199 1689 391 1755 Christianis
414 1689 493 1754 mihi
514 1688 707 1772 loquendumw
728 1707 767 1753 an
791 1707 861 1754 cum
883 1688 1011 1771 paganis
1033 1689 1085 1753 sit.
1109 1687 1136 1752 si
1157 1688 1239 1752 euim

100 1813 174 1859 cum
201 1791 408 1871 Christianis,
437 1793 638 1874 probaturum
668 1811 718 1856 me
750 1792 831 1873 quod
861 1808 919 1876 ago
942 1809 1009 1856 esse
1032 1810 1094 1856 non
1116 1791 1237 1868 dubito;

97 1899 126 1962 si
149 1899 265 1960 autem
288 1913 359 1960 cnm
382 1895 527 1979 paganis,
551 1895 681 1978 probare
706 1896 919 1974 contemnam,
951 1911 1013 1958 uon
1035 1896 1107 1977 quia
1128 1896 1238 1976 proba-

67 1999 188 2064 ctione
213 1997 349 2081 deficiar,
373 2001 427 2062 sed
450 1999 525 2082 quia
546 1998 744 2081 profuturum
767 1998 849 2079 quod
871 1999 981 2080 loquor
1006 2015 1072 2062 esse
1094 1999 1237 2080 despero;

96 2101 319 2166 infructuosus
342 2100 455 2183 quippe
478 2103 525 2164 est
546 2101 577 2165 et
600 2099 704 2165 inanis
733 2099 839 2179 labor,
869 2101 924 2165 ubi
945 2117 1006 2164 non
1029 2098 1139 2182 recipit
1166 2117 1237 2182 pro-

96 2203 266 2268 bationem
289 2221 403 2284 prauus
426 2203 558 2274 auditor.
582 2204 636 2269 sed
658 2207 767 2269 tamen
790 2205 863 2287 quia
878 2224 944 2271 esse
966 2205 1090 2270 nullum
1112 2204 1236 2270 omnino

97 2306 241 2371 arbitror
263 2305 435 2372 Christiani
457 2305 591 2373 nominis
614 2309 782 2388 hominem,
807 2311 859 2392 qni
882 2326 941 2373 non
965 2327 998 2372 se
1021 2307 1237 2373 Christianum

98 2409 206 2474 uideri
234 2408 331 2488 uelit,
363 2429 418 2494 ego
442 2431 513 2476 cnm
537 2410 712 2478 Christiano
735 2429 835 2494 agam.
882 2413 1022 2498 quamuis
1052 2414 1135 2476 enim
1163 2409 1236 2492 quis

68 2511 220 2595 nimpiae
250 2531 285 2576 ac
313 2511 483 2595 paganicae
511 2514 707 2580 infidelitatis
741 2515 798 2593 sit,
832 2515 911 2580 mihi
944 2519 1049 2582 tamen
1079 2514 1157 2580 satis
1186 2515 1235 2579 est

100 2613 282 2681 Christiano
305 2615 431 2697 probari
454 2618 535 2700 quod
558 2617 634 2682 dico.

141 2753 187 2817 ΙΙ.
214 2751 361 2819 Caesaris
377 2753 484 2838 igitur,
509 2755 583 2840 quid
599 2757 642 2821 sit
656 2757 752 2836 istud,
777 2759 858 2840 quod
874 2757 1054 2837 Christiani,
1072 2758 1124 2840 qui
1141 2755 1266 2824 deumss

98 2856 279 2935 credimus,
309 2857 482 2924 miseriores
505 2857 649 2924 omnibus
672 2878 788 2925 sumus.
833 2860 975 2926 sufficere
1002 2861 1129 2944 quidem
1156 2862 1235 2927 mihi

100 2961 140 3025 ad
163 2960 419 3042 respondendum
440 2963 498 3028 hoe
521 2964 588 3028 loeo
605 2963 737 3046 poterat,
763 2968 843 3047 qnod
857 2967 1016 3046 apostolus
1033 2966 1071 3030 ad
1088 2963 1234 3030 eeclesias

68 3063 197 3127 redixit:
219 3082 330 3128 nemo
361 3067 563 3131 moueatur
585 3065 627 3130 in
649 3064 1008 3147 tribulationibus3
1032 3069 1108 3150 ipsi
1132 3067 1233 3133 enim

100 3165 223 3230 scitis
248 3165 433 3247 quoniam
464 3169 501 3233 in
524 3168 596 3234 hoc
624 3170 749 3252 positi
771 3188 915 3235 sumus.
961 3173 992 3234 et
1014 3172 1083 3235 ideo
1106 3189 1176 3234 cum
1198 3171 1232 3235 in

102 3265 158 3334 hoc
180 3268 300 3352 positos
329 3289 385 3335 nos
408 3289 474 3336 esse
496 3291 515 3336 a
537 3273 593 3338 deo
623 3273 782 3354 apostolus
813 3274 911 3352 dicat,
944 3279 980 3338 ut
1010 3293 1173 3339 aerumnas
1196 3276 1233 3340 ut

100 3371 248 3436 miserias
277 3373 314 3437 ut
347 3373 494 3440 tristitias
523 3373 734 3458 perferamus,
763 3379 836 3459 quid
866 3378 983 3442 mirum
1006 3382 1067 3460 est,
1101 3380 1127 3442 si
1149 3379 1233 3444 mala

100 3478 216 3540 cuncta
238 3474 435 3558 perferimus,
459 3479 514 3560 qui
536 3477 575 3544 ad
590 3481 751 3545 toleranda
767 3481 898 3546 aduersa
913 3484 1016 3546 omnia
1030 3482 1231 3548 militamus?

202 3678 237 3732 25
262 3679 277 3732 1
295 3679 387 3736 suess.
408 3681 432 3746 3,
452 3681 469 3734 3
490 3634 499 3673 ⁵

151 3868 167 3920 1
188 3867 348 3936 aprobamns
367 3869 395 3922 B
499 3870 515 3923 7
534 3870 601 3924 seire
613 3886 661 3926 nos
674 3873 751 3941 qnasi
761 3889 809 3928 uos
822 3873 854 3926 de
867 3889 916 3927 nos
929 3874 1043 3928 archano
1057 3877 1115 3944 (sic)
1134 3875 1162 3928 Β

99 3968 196 4008 arcano
214 3967 235 4008 s.
254 3969 306 4008 scr.
324 3952 342 4007 h
361 3955 402 4008 lit.
420 3972 454 4009 m.
473 3971 525 4011 rec.
544 3958 572 4011 A
676 3958 710 4014 14
732 3959 838 4028 probari
856 3964 1040 4029 contempnam
1060 3961 1088 4014 A
1116 3962 1230 4030 probare

98 4042 258 4108 contempno
272 4040 300 4093 Β
387 4041 420 4096 14
432 4041 539 4098 deficiar
552 4043 707 4112 probatione
718 4045 746 4098 B
757 4063 790 4101 m.
803 4049 820 4100 1
843 4063 896 4100 non
909 4046 1018 4100 deficiar
1030 4047 1058 4100 in
1071 4048 1227 4116 probatione

98 4125 126 4178 Β
144 4139 214 4181 corr.
319 4126 351 4179 17
377 4127 442 4196 quia
466 4129 556 4183 tamen
582 4129 609 4184 A
632 4129 680 4186 sed
697 4131 808 4186 adiectu
825 4139 890 4188 awai
907 4134 1129 4202 transpositionis
1146 4135 1228 4206 siper

100 4213 167 4262 na1
240 4211 305 4266 ·19
323 4213 403 4268 nell&
421 4215 448 4268 A
551 4215 583 4270 21
603 4215 831 4273 aGhristianoB
933 4217 967 4274 23
985 4219 1227 4274 omnibusmiseri-

101 4310 158 4348 ores
177 4296 205 4349 Β
294 4297 578 4355 retribuerimus
668 4303 883 4362 arrestari
968 4305 1043 4360 adeo
1063 4320 1112 4361 om.
1133 4306 1160 4362 Β
