3068 5012
440 415 477 469 de
495 414 627 485 gubern.
647 415 701 472 dci
719 414 774 471 VII
792 419 807 482 ς
826 415 937 471 26-33.
1196 419 1258 486 165

119 625 264 691 poenam,
290 607 370 688 quod
393 604 605 687 ignauissimis
628 603 820 672 traderemur
843 609 875 672 et
897 605 949 672 uel
972 605 1018 672 sic
1039 606 1166 690 plagam
1188 623 1258 672 cae-

120 711 212 776 lestis
235 728 346 774 manus
370 725 620 791 agnosceremus,
645 707 720 791 quia
750 726 805 774 nos
835 726 897 774 non
927 709 1090 776 fortissimi
1121 709 1258 776 hostium

117 814 176 878 sed
201 812 399 896 ignauissimi
414 811 627 894 subiugarent.
656 813 700 878 sia
722 811 807 878 onim
829 811 964 897 legimus
982 812 1073 895 quod,
1097 812 1313 895 siquandoilO

120 916 287 983 euidenter
307 915 452 999 intellegi
474 913 548 980 dens
571 914 674 980 uoluit
697 932 813 1000 magna
834 933 925 998 opera
947 934 966 981 a
988 933 1021 982 se
1044 917 1181 998 patrari,
1205 917 1260 982 aut

94 1038 177 1102 sper
206 1035 322 1101 paucos
352 1018 407 1083 aut
435 1035 489 1100 per
518 1017 641 1082 infimos
668 1019 739 1083 acta
768 1035 818 1083 res
849 1021 915 1097 est,
948 1036 987 1086 ne
1015 1035 1093 1103 opus
1117 1018 1259 1084 caelestis

119 1123 269 1187 dexterae
292 1119 408 1186 uirtuti
430 1120 647 1204 adsignaretur
668 1120 830 1186 humanae.
869 1120 939 1186 ideo
968 1120 1121 1203 siquidem
1144 1124 1175 1188 et
1197 1122 1260 1186 dur

121 1224 239 1306 Sisara,
257 1245 351 1308 quem
367 1225 530 1291 Hebraeus
548 1223 706 1290 tremebat
721 1223 883 1306 exercitus,
902 1244 921 1291 a
935 1227 1068 1292 muliere
1084 1227 1259 1309 prostratus

121 1333 178 1406 est,
205 1333 238 1394 et
253 1327 440 1396 Abimelech
454 1327 621 1394 ciuitatum
637 1329 881 1414 expugnatorem
896 1330 1033 1396 feminea
1055 1350 1167 1398 manns
1189 1350 1260 1413 per-

121 1433 202 1499 culit
226 1433 258 1498 et
279 1433 412 1499 ferratae
427 1434 628 1517 Assyriorum
652 1431 732 1498 acies
755 1431 851 1498 uidua
872 1433 1048 1516 opitulante
1070 1433 1258 1500 cecideruut.

85 1542 153 1603 roet
178 1555 218 1602 ne
242 1537 280 1601 de
303 1536 377 1604 solis
399 1539 524 1603 tantum
546 1533 672 1602 feminis
695 1537 820 1618 loquar,
844 1535 990 1604 Benedad
1013 1555 1119 1620 regem
1143 1536 1310 1620 Syriae,31

122 1641 175 1705 cui
198 1644 322 1724 praeter
351 1639 516 1704 innumera
542 1638 650 1724 populi
673 1640 722 1704 sui
751 1639 840 1706 milia
868 1637 999 1721 triginta
1029 1642 1061 1705 et
1088 1639 1147 1706 duo
1170 1657 1259 1723 reges

120 1741 342 1824 exercitusque
365 1741 506 1808 eiusdem
528 1742 653 1807 numeri
676 1741 867 1821 seruiebant,
895 1759 996 1807 nonne
1017 1743 1088 1809 ideo
1111 1761 1130 1808 a
1150 1742 1259 1824 paucis

120 1845 304 1928 principum
326 1843 519 1928 pedissequis
536 1845 680 1911 dominus
695 1844 781 1911 uinci
796 1845 907 1926 uoluit,
930 1848 967 1911 ut
989 1846 1042 1928 qui
1057 1847 1139 1912 esset
1154 1848 1260 1912 auctor

120 1949 197 2014 talis
221 1948 374 2015 uictoriae
396 1950 600 2015 nosceretur?
623 1949 734 2014 contra
755 1949 950 2015 Madianitas
973 1968 1112 2034 quoqne,
1136 1949 1200 2034 qui,
1225 1954 1261 2014 nt
1271 1951 1312 2018 32

86 2055 205 2120 ratibor
227 2053 374 2118 Indicum
395 2052 507 2132 refert,
536 2053 638 2118 instar
658 2053 852 2118 locustarum
880 2055 993 2121 cuncta
1015 2052 1261 2136 compleuerant,

20 2185 21 2188 ¹
121 2155 250 2222 Gedeon
272 2156 398 2221 iubetur
419 2174 558 2241 pugnare
582 2175 652 2222 cnm
675 2159 793 2240 paucis,
818 2156 969 2239 nunquia
992 2158 1098 2238 plures
1121 2158 1153 2222 in
1176 2175 1261 2221 exer-

122 2259 190 2324 citu
214 2276 274 2324 non
298 2258 443 2336 haberet,
478 2261 532 2324 sed
561 2260 686 2326 uetatur
708 2259 826 2325 multos
856 2260 894 2324 ad
918 2258 1035 2325 bellum
1065 2260 1191 2336 ducere,
1222 2277 1261 2323 ne

121 2363 296 2427 multitudo
320 2361 380 2427 sibi
402 2362 502 2444 possit
526 2359 644 2444 aliquid
667 2362 705 2426 de
727 2362 860 2427 uictoria
883 2361 1051 2426 uindicare.
1082 2360 1164 2426 unde
1188 2377 1260 2425 cum

121 2466 258 2550 triginta
281 2467 475 2532 armatorum
498 2466 586 2530 milia
617 2467 850 2549 congregasset,
882 2461 927 2529 sio
955 2465 994 2529 ad
1023 2482 1092 2528 eum
1116 2462 1259 2529 dominus

88 2572 249 2638 clocutus
274 2574 335 2636 est:
365 2569 516 2635 multus
539 2570 750 2634 esttecum
773 2567 955 2652 populus,
986 2584 1055 2633 uec
1077 2565 1261 2632 tradetur

122 2675 285 2740 Madian
309 2676 347 2739 in
370 2692 505 2740 manus
528 2673 620 2738 cius.
644 2674 677 2739 et
699 2672 773 2754 quid
795 2674 925 2754 postea?
957 2669 1078 2736 homini
1093 2670 1313 2740 accerrimae

121 2777 289 2842 innumera
311 2777 513 2842 barbarorum
536 2775 627 2842 milia
648 2776 827 2859 pugnaturo
849 2776 1006 2841 trecentos
1027 2777 1153 2840 tantum
1177 2776 1260 2839 uiros

122 2879 262 2962 reliquit
306 2880 339 2944 in
369 2899 437 2946 eam
466 2879 578 2962 qnippe
613 2878 817 2962 exiguitatem
847 2878 948 2962 redigi
977 2895 1090 2960 agmen
1120 2876 1260 2942 militum

122 2981 230 3062 iussit,
253 2985 289 3047 ut
312 2981 371 3048 sibi
387 2985 425 3047 dc
440 2984 565 3066 patrato
581 2980 733 3048 diuinitus
756 2981 832 3048 belli
848 3000 940 3065 opere
955 2979 1096 3064 paucitas
1110 2999 1262 3064 usurpare

89 3087 171 3152 anil
194 3087 308 3167 posset.
354 3085 485 3169 denique
508 3105 562 3152 cur
584 3086 642 3152 hoc
665 3087 807 3152 dominus
830 3085 876 3150 ita
898 3084 1022 3162 faceret,
1048 3084 1113 3165 ipse
1136 3083 1260 3148 euiden-

122 3191 248 3256 tissime
276 3189 451 3256 declarauit
479 3191 603 3256 dicens:
636 3207 681 3254 ne
712 3186 914 3272 glorietur
945 3185 1171 3252 contremo
1200 3185 1260 3250 Is·

230 3391 384 3448 clunes
463 3382 621 3447 cluniac
703 3389 881 3460 101111ceg.
899 3390 934 3444 20
1021 3385 1055 3444 14
1072 3388 1192 3445 Induat

123 3477 263 3535 201udic.
282 3477 342 3543 7,2

177 3669 320 3737 Apatrare
337 3669 366 3720 A
460 3664 616 3720 5inflrmos
634 3681 667 3731 ac
685 3663 727 3718 ed.
738 3680 782 3733 pr.
794 3663 924 3720 Halmius
942 3666 968 3734 (c
985 3680 1052 3720 uero
1065 3670 1098 3720 ct
1115 3664 1262 3720 ABtctet

124 3753 242 3822 infimos)
347 3769 389 3807 res
406 3753 468 3808 acta
484 3751 561 3820 BlT)
665 3752 682 3806 6
700 3749 800 3804 uirtuti
818 3766 852 3805 aa
869 3751 970 3805 uirtute
988 3751 1016 3805 A
1033 3766 1101 3806 corr.
1119 3767 1152 3805 m.
1172 3753 1193 3805 2

124 3841 141 3895 1
169 3842 270 3895 sisarra
297 3841 325 3894 A
427 3840 445 3894 8
471 3838 587 3893 feminea
611 3854 645 3894 ec
668 3837 767 3906 feminq
783 3837 812 3892 A
831 3852 899 3892 corr.
917 3840 989 3894 m.2
1093 3835 1127 3890 10
1152 3835 1261 3890 feminis

125 3929 234 3982 tantum
258 3926 286 3980 B
390 3926 422 3979 11
448 3927 476 3979 et
497 3925 616 3994 triginta
639 3924 668 3978 B
772 3923 806 3976 12
828 3923 956 3978 exercitus
978 3937 1045 3992 quae
1068 3920 1116 3977 aad
1133 3926 1261 3990 epictet.

19 4029 20 4038 ¹
126 4015 154 4069 A
260 4012 293 4066 13
319 4011 414 4080 pAisse
441 4011 503 4080 quis
529 4011 618 4079 super'
639 4010 663 4064 dr
688 4025 739 4064 cor.
762 4007 869 4063 dm
894 4010 922 4063 A
1027 4007 1060 4062 15
1085 4007 1261 4078 locustarum]

124 4099 217 4152 ‘imaro
234 4098 411 4152 lucustarum’
427 4095 558 4150 Hulma‘ae
663 4095 697 4150 16
713 4111 767 4149 non
784 4094 812 4148 B
829 4109 850 4147 a.
868 4094 887 4149 l.
993 4093 1026 4148 17
1043 4093 1125 4147 habet
1142 4092 1165 4146 A
1183 4091 1262 4148 haud

125 4182 183 4236 acio
200 4197 240 4236 aa
256 4187 329 4236 recta
424 4181 457 4236 19
474 4183 683 4251 congregassent
698 4180 727 4235 A
823 4178 856 4232 22
874 4178 987 4234 trecenti
1007 4193 1029 4232 r.
1047 4179 1057 4232 i
1074 4193 1126 4234 cer.
1146 4194 1176 4233 os
1193 4181 1262 4234 m

127 4267 156 4320 A
244 4266 278 4322 23
296 4266 413 4336 reliquid
430 4282 514 4335 super
531 4266 549 4320 d
567 4268 643 4322 scat
659 4281 695 4320 m.
709 4267 730 4320 2
746 4265 775 4320 A
860 4263 1062 4334 24patratirA
1149 4263 1182 4320 25
1200 4278 1263 4334 pos·

129 4355 171 4407 aet
188 4369 224 4409 ac
240 4353 327 4422 possit
343 4354 372 4409 A
389 4368 461 4408 corr.
479 4353 554 4408 Μ
657 4352 765 4418 iaceret,
783 4351 824 4406 ita
841 4351 869 4406 B
