3096 5018
459 402 498 457 cd
515 403 693 458 ecelesiam
714 404 759 459 III
778 409 793 470 ξ
812 406 921 460 51-57.
1193 410 1255 477 287

124 613 200 660 non
224 595 282 660 est
305 593 422 671 enim,
452 594 555 676 inquit
576 595 616 661 ad
640 596 731 660 deum
755 597 877 678 patrem
900 614 1001 661 sermo
1025 595 1158 676 diuinus,
1182 614 1257 662 uon

123 701 186 762 est
208 697 247 762 in
270 699 395 763 morte
424 698 491 780 qui
520 717 662 764 memor
690 699 744 762 sit
768 700 843 764 tuiz
875 698 917 764 iu
939 698 1099 764 inferno
1121 702 1256 766 autem

15 849 16 870 ι
124 801 212 882 quis
248 800 512 867 confitebitur
548 801 651 866 tibi?
702 802 824 868 excludi
857 801 982 886 penitus
1015 821 1034 867 u
1068 802 1308 870 consessionebb

15 951 17 1006 ἱ
122 903 248 985 peccati
269 904 464 985 peccatorem
486 908 646 970 mortuum
668 907 863 986 protestatur
886 924 941 972 neo
960 923 1049 988 posse
1064 924 1129 972 esse
1145 924 1255 988 quem·

15 1011 16 1050 ¹
102 1024 220 1089 squam
242 1009 349 1090 postea
371 1007 419 1072 dei
441 1025 621 1085 memorem,
645 1007 699 1092 qui
721 1007 754 1072 in
777 1007 836 1072 hnc
858 1008 927 1072 uita
945 1008 994 1073 sui
1017 1007 1112 1073 fuerit
1127 1007 1255 1074 oblitus.

122 1112 199 1176 adeo
228 1110 328 1174 omnis
352 1109 381 1174 ei
402 1127 471 1192 spes
501 1110 627 1194 penitus
656 1109 832 1176 absciditur
855 1114 886 1176 et
909 1111 1009 1176 omnis
1038 1112 1123 1177 uitae
1152 1112 1256 1178 aditus

121 1213 295 1296 obseratur,
325 1216 370 1292 ut,
401 1233 473 1280 oum
504 1232 565 1278 une
593 1216 635 1282 sit
663 1231 715 1279 reo
743 1216 852 1280 salutis
881 1218 933 1280 uia
960 1233 1064 1298 preces
1094 1216 1133 1280 ad
1163 1215 1254 1278 deum

15 1379 16 1382 ,
122 1316 254 1382 fundere
278 1318 309 1380 et
331 1316 496 1382 caelestem
518 1317 765 1386 misericordiam
787 1319 1017 1384 incessabiliter
1039 1337 1136 1396 orare,
1160 1318 1256 1384 etiam

122 1421 184 1486 bac
205 1425 349 1504 peccator
371 1421 513 1486 letiferae
537 1421 703 1487 obliuionis
726 1422 997 1488 animaduersione
1020 1422 1195 1501 damnetur,
1220 1425 1256 1486 ut

15 1515 16 1600 i
88 1527 152 1591 roei
177 1543 234 1589 neo
257 1524 407 1589 memoria
429 1523 555 1607 quidem
574 1525 633 1604 dei,
658 1544 751 1608 aquo
767 1544 890 1608 sperare
906 1526 1026 1610 debeat,
1049 1525 1254 1608 relinquatur.

121 1627 202 1694 haec
225 1645 297 1710 ergo
320 1627 458 1710 cogitent
481 1627 543 1712 qui,
564 1630 641 1694 dum
656 1629 737 1694 filios
758 1629 875 1694 babere
899 1641 969 1711 post
987 1631 1122 1696 mortem
1139 1629 1254 1694 diuites
1265 1627 1307 1693 56

122 1733 265 1816 cupiunt,
297 1731 475 1797 futurorum
506 1733 730 1817 suppliciorum
758 1751 816 1798 nec
837 1733 870 1798 in
895 1736 996 1798 morte
1027 1733 1254 1798 meminerunt:

121 1835 200 1902 haec
230 1834 369 1918 cogitent
397 1835 460 1917 qui,
495 1837 531 1901 ut
560 1836 594 1901 in
623 1836 682 1901 buo
711 1836 827 1900 caduca
852 1836 885 1900 et
906 1838 994 1902 breui
1027 1839 1095 1901 uita
1127 1837 1256 1902 heredes

122 1941 240 2004 diuites
269 1937 416 2018 habeant,
447 1941 573 2004 aeterne
596 1957 629 2003 se
652 1940 734 2022 ipsos
758 1943 858 2004 morte
882 1941 1101 2005 condemnant.
1140 1940 1172 2005 in
1196 1957 1256 2022 quo

91 2045 250 2126 squidem
273 2059 333 2107 non
355 2042 423 2107 tam
445 2043 515 2107 illos
539 2049 646 2108 amant
669 2061 762 2126 quarn
784 2061 817 2108 se
840 2047 981 2122 oderunt,
1010 2043 1083 2126 quia
1106 2064 1167 2109 uon
1189 2047 1257 2108 tam

122 2147 258 2212 salubris
292 2163 378 2210 amor
409 2147 467 2222 est,
502 2147 555 2230 qui
589 2146 678 2212 breui
709 2147 854 2222 consulit,
890 2165 984 2229 quam
1012 2165 1107 2230 graue
1139 2149 1255 2228 odium,

15 2297 16 2322 ,
124 2250 207 2331 quod
230 2249 263 2312 in
286 2249 471 2315 aeternitate
494 2247 656 2314 cruciabit.
688 2267 704 2313 e
737 2250 807 2316 ideo
823 2248 899 2314 deus
916 2252 1030 2328 noster,
1054 2251 1090 2315 ut
1105 2251 1138 2315 in
1153 2252 1256 2332 primo

15 2325 17 2440 t
123 2353 246 2418 dudum
267 2351 376 2418 libello
400 2352 544 2429 diximus,
569 2351 767 2435 disciplinam
781 2356 926 2435 parentes
943 2352 1150 2418 thesaurizare
1167 2354 1257 2418 iubet

124 2455 201 2521 filiis
225 2475 287 2521 non
310 2455 482 2538 pecuniam,
514 2456 661 2539 perennia
684 2457 835 2539 praecipit
859 2474 919 2521 non
942 2457 1082 2540 peritura
1105 2457 1253 2522 conferre.

92 2559 248 2626 concilicet
272 2561 345 2642 quia
368 2579 415 2625 res
438 2560 616 2625 istiusmodi
634 2561 727 2642 atque
743 2579 819 2642 opus
836 2563 982 2625 sanctum
1001 2563 1031 2624 et
1048 2558 1122 2624 filiis
1138 2559 1257 2642 pariter

126 2664 159 2728 et
175 2663 356 2745 parentibus
372 2664 513 2746 prosunt,
537 2662 612 2728 filiis
629 2667 737 2746 ntique
751 2683 807 2748 per·
821 2663 1007 2746 discipliuae
1022 2661 1257 2728 institutionem

126 2768 308 2849 parentibus
341 2787 395 2850 per
428 2767 658 2832 munificentiae
691 2767 882 2850 largitatem.
920 2770 952 2831 et
981 2767 1055 2832 filiis
1086 2767 1169 2831 euim
1196 2765 1257 2830 boc

126 2871 297 2955 disciplina
311 2872 459 2952 praestat,
476 2873 511 2934 ut
526 2871 662 2935 salutem
677 2870 803 2951 capiant
817 2871 1011 2951 perpetuam,
1030 2869 1062 2934 et
1076 2867 1257 2951 perentibus

16 2993 17 3012 ι
127 2975 271 3057 largitas,
293 2977 330 3037 ut
353 2973 485 3036 mortem
508 2972 659 3054 effugiant
680 2973 911 3054 sempiternam.

93 3119 117 3162 a
170 3095 261 3160 XHI.
294 3093 354 3160 Sed
377 3095 426 3158 cui
448 3095 523 3160 bceo
550 3093 687 3160 dicimus
708 3093 764 3159 aut
786 3113 840 3158 cur
863 3093 1021 3158 dicimus?
1055 3093 1110 3157 ubi
1133 3093 1307 3175 apertasbi

126 3218 217 3266 auree
240 3199 296 3264 aut
318 3198 462 3264 uidentes
484 3200 587 3265 oculos
611 3198 752 3262 inuenire
774 3196 973 3278 poterimus?
996 3213 1123 3261 omnes
1146 3196 1256 3274 enirn,

126 3305 164 3368 ut
186 3303 225 3367 de
255 3301 350 3384 inpiis
378 3302 523 3386 legimns,
557 3319 681 3384 paene
704 3318 835 3365 omnes
859 3299 1182 3381 declinaueruut,
1206 3299 1257 3362 si-

127 3405 206 3470 mul
229 3405 401 3470 inutiles
423 3405 524 3470 faeti
546 3408 655 3482 sunt;
686 3422 761 3469 nou
784 3407 843 3468 est
866 3403 931 3486 qui
953 3403 1078 3468 faciat
1099 3404 1256 3486 bonum,

126 3527 198 3576 uon
233 3512 292 3574 est
325 3525 446 3591 paene
479 3525 600 3590 usque
635 3511 677 3574 ad
710 3526 835 3573 uuum.
874 3525 955 3572 noua
984 3507 1096 3589 quippe
1119 3505 1266 3571 amentia·-

95 3614 194 3678 eotam
217 3613 388 3678 saeculares
412 3630 505 3695 qnam
529 3612 626 3677 etiam
652 3611 801 3694 quosdam
823 3612 1010 3691 religionem
1031 3608 1184 3694 professos
1206 3608 1257 3672 in·

129 3718 222 3784 cessit
249 3716 399 3782 homines.
438 3716 601 3799 siquidem,
631 3716 667 3780 nt
689 3715 807 3782 dudum
835 3714 939 3784 dicero
961 3731 1169 3796 coeperamus,
1191 3710 1256 3776 iarn

232 3906 245 3958 1
265 3904 338 3958 Psnl.
356 3904 380 3970 6,
399 3904 415 3957 6
519 3903 551 3958 17
570 3900 617 3956 lib.
636 3900 651 3955 I
669 3901 702 3955 21
805 3899 839 3954 26
857 3899 927 3953 Psal.
948 3899 989 3966 13,
1006 3899 1024 3953 3

180 4076 195 4128 1
220 4075 292 4128 enim
316 4089 385 4128 eros.
408 4073 456 4128 aed
478 4073 520 4129 ita
542 4079 575 4128 ut
598 4074 653 4144 topi
666 4074 755 4141 poseat
772 4074 800 4126 A
903 4073 920 4126 6
943 4069 1109 4126 abscinditur
1133 4070 1175 4125 ed.
1197 4069 1257 4122 Ba-

129 4161 220 4216 ramos
306 4159 485 4214 9damnatur
503 4160 567 4228 AB,
585 4160 632 4212 ‘on
645 4159 831 4216 anacoluthon
843 4155 911 4212 eet?
928 4157 1059 4210 Halmius
1147 4155 1179 4209 15
1193 4159 1256 4222 poet

128 4247 207 4315 prius
230 4250 328 4314 temp
350 4250 375 4299 ct
398 4245 459 4300 edd.
486 4251 552 4300 ante
573 4245 731 4300 Hotmiwn:
759 4243 899 4298 heredibus
926 4242 1068 4298 consulunt
1096 4257 1176 4309 quam
1203 4238 1256 4294 sibi

17 4381 18 4384 ,
130 4333 226 4388 obsunt
244 4347 298 4386 non
316 4334 373 4384 tam
477 4331 511 4385 23
529 4332 620 4401 cupiat
637 4332 665 4386 B

17 4639 24 4652 ,

17 4653 27 4866 ¹
