2972 5000
439 1268 933 1398 PRAEFATIO.

167 1771 394 1905 Postquam
421 1806 467 1880 de
489 1805 644 1905 singulis
663 1807 895 1906 singulorum
913 1806 1124 1886 Saluiani
1150 1834 1261 1908 opus·

115 1927 300 2002 culorum
328 1926 517 2004 codicibus
545 1953 749 2028 eorumque
765 1930 806 2007 in
823 1929 1080 2006 constituendo
1100 1929 1260 2006 auctoris

112 2059 232 2124 textu
259 2074 368 2146 quem
395 2059 532 2124 uocant
557 2048 676 2148 pretio
704 2050 888 2149 copiosius
911 2075 1010 2127 auno
1029 2047 1217 2148 superiore
1227 2047 1260 2150 *)

116 2167 331 2269 disputari,
364 2167 461 2244 intra
493 2169 696 2246 artissimos
731 2171 824 2246 fines
859 2169 930 2246 hoc
962 2169 1046 2248 loco
1073 2169 1260 2248 continere

114 2315 183 2364 me
222 2315 333 2387 posse
364 2288 457 2364 mihi
481 2289 585 2366 uisus
612 2315 696 2366 sum
722 2317 874 2389 sperans
903 2289 973 2370 ‘cui
1000 2315 1118 2368 suane
1143 2290 1190 2364 sit
1216 2315 1260 2364 ox

114 2436 269 2509 magno
307 2409 435 2486 tollere
475 2401 621 2488 aceruo'
665 2411 803 2510 quique
839 2403 986 2511 ‘magno
1023 2411 1067 2484 de
1106 2408 1258 2484 flumine

113 2529 236 2606 malit
263 2557 375 2629 quam
392 2559 437 2608 ex
453 2533 526 2611 hoc
543 2531 722 2608 fonticulo
745 2531 960 2610 tantundem
979 2557 1124 2618 sumere
1161 2529 1259 2605 ultro

114 2651 168 2724 ad
199 2650 411 2750 copiosiora
446 2652 511 2728 illa
537 2651 824 2751 qualiacumque
854 2663 940 2728 sunt
965 2651 1089 2752 ipsum
1115 2679 1154 2728 se
1182 2676 1260 2726 esse

113 2770 388 2868 relegaturum.

173 2961 310 3054 Quare
348 2961 400 3039 ita
438 2987 539 3036 nunc
577 2961 844 3060 praemonituri
876 2987 1028 3036 munere
1064 2960 1261 3060 officioque

111 3083 277 3180 fungar,
312 3094 355 3157 ut
381 3109 477 3181 quae
512 3091 597 3156 ante
631 3078 742 3155 latius
779 3081 942 3162 disserui,
969 3081 1098 3160 monui
1130 3080 1262 3156 edocui

111 3229 244 3302 quam
280 3213 409 3300 potero
443 3200 674 3302 paucissimis
701 3211 876 3301 repetam,
912 3187 984 3275 alia
1012 3226 1105 3299 quae
1131 3211 1262 3300 postea

108 3334 161 3398 ut
189 3321 335 3396 rectius
362 3348 625 3421 cognoscerem
650 3321 804 3420 contigit
821 3347 1028 3419 suggeram,
1056 3346 1133 3396 non
1158 3318 1263 3395 nuila

110 3455 239 3517 antea
278 3441 401 3515 minus
429 3427 537 3517 ,bene
571 3441 828 3517 administrata
866 3424 1038 3515 minusue
1072 3439 1263 3514 manifeste

111 3560 321 3665 proposita
349 3561 542 3662 corrigam,
571 3562 697 3637 omnia
714 3587 802 3636 uero
831 3560 918 3635 olim
945 3559 1051 3636 editis
1076 3560 1262 3659 pressiora

111 3685 171 3759 ita
212 3681 256 3755 in
292 3708 367 3757 uno
403 3693 605 3782 conspectu
638 3707 776 3782 ponam
803 3683 846 3756 'ut
872 3673 959 3755 ‘non
993 3706 1060 3779 per
1094 3679 1262 3756 laborem

111 3801 336 3904 plurimum
375 3801 566 3902 carpturis'
601 3827 716 3902 quam
753 3793 972 3904 breuissime
1011 3797 1128 3900 possit
1165 3801 1260 3878 ratio

113 3922 310 4026 reddatur
340 3922 610 4021 praesidiorum
639 3921 858 4024 criticorum
883 3919 971 3997 huic
998 3917 1180 3997 uolumini
1206 3948 1262 3998 re·

231 4213 258 4280 ⁸)
277 4210 319 4267 ct
339 4175 588 4295 stratagemate
610 4212 657 4267 aar
680 4175 886 4284 philos-histor.
904 4211 995 4270 casse
1018 4210 1064 4266 oar
1083 4210 1261 4266 naitanum

111 4297 275 4356 Akademia
293 4293 584 4354 der'Wissanschafton
601 4299 631 4353 iu
648 4297 726 4354 Wi'an
744 4295 862 4354 xcvm
886 4297 910 4355 Ι.
930 4292 995 4352 Hert
1012 4313 1038 4367 p.
1048 4295 1074 4352 '3
1086 4295 1114 4352 ff.
