3068 5012
580 397 732 465 epistola
755 397 824 450 IIII.
1202 400 1264 464 211

136 604 284 655 comessa
316 586 456 652 iudicum
489 588 714 668 conspectuque
747 585 905 667 produxit:
940 603 1016 668 qnos
1048 605 1119 650 cum
1151 585 1264 652 laturis

135 692 324 754 sententiam
341 689 601 772 disceptatoribus
616 690 755 754 oratione
770 688 868 754 flebili
884 689 1124 762 commendaret.
1148 689 1266 755 fractae

135 795 252 860 affectu
274 795 414 858 omnium
437 797 558 858 mentes
574 794 606 857 et
623 792 790 858 inclinatae
807 796 891 856 sunt.
916 792 1119 876 quidplura?
1144 792 1264 858 factum

134 898 193 974 est,
216 897 254 961 ut
275 896 396 962 infleris
418 897 600 962 cunctorum
616 896 757 960 sensibus
773 897 862 959 daret
884 895 1097 960 misericordia
1119 896 1264 970 humani-

109 1001 195 1066 etati
226 1001 374 1084 quicquid
402 997 569 1064 ambitioni
592 998 708 1062 ueritas
731 997 903 1080 denegaret.
939 1016 956 1061 o
980 997 1110 1064 affectus
1133 999 1317 1068 numeriae

132 1105 244 1186 quanti
266 1103 351 1181 estis,
375 1104 527 1186 quantum
549 1099 672 1182 uelatis,
696 1101 748 1183 qui
771 1101 865 1164 etiem
888 1101 921 1165 in
944 1101 1057 1168 iudicio
1080 1104 1129 1168 ius
1150 1103 1263 1170 hahere

132 1205 300 1289 potuistis!
333 1204 461 1280 discite,
489 1203 671 1286 oparentes
699 1202 869 1279 carissimi,
905 1205 995 1270 uenia
1023 1206 1121 1270 uestri
1143 1205 1262 1274 dictum

131 1310 185 1387 sit,
209 1309 321 1374 discite
344 1310 396 1374 uel
418 1308 476 1374 hoo
497 1308 602 1374 saltim
626 1307 769 1388 exemplo
790 1308 894 1392 frangi
916 1311 1008 1388 atque
1025 1307 1151 1372 molliri.
1180 1312 1264 1374 certe

131 1414 229 1478 etiam
258 1412 324 1476 illic
354 1410 568 1476 misericordia
596 1410 707 1492 ualuit,
739 1411 793 1475 ubi
821 1412 924 1474 locum
948 1429 1012 1475 esse
1035 1411 1264 1475 misericordiae

96 1535 194 1580 onon
222 1515 346 1580 licebat.
384 1514 480 1579 laturi
510 1516 698 1580 sententiam
726 1513 859 1591 iudices,
894 1513 947 1595 qui
975 1513 1056 1578 nihil
1084 1532 1117 1577 se
1143 1515 1263 1579 nisiex

130 1618 277 1682 ueriuus
292 1617 393 1682 officio
409 1614 662 1700 pronuntiaturos
679 1636 745 1682 esse
768 1618 955 1695 iurauerant,
979 1617 1140 1681 excludere
1155 1618 1264 1682 tamen

130 1721 379 1787 misericordiam
416 1740 473 1786 nec
508 1724 579 1803 post
612 1722 809 1785 sacramenta
844 1721 1031 1802 potuerunt,
1068 1721 1100 1783 in
1137 1721 1262 1784 tantum

130 1825 333 1890 humanitate
348 1823 437 1901 moti,
459 1828 495 1888 ut
510 1826 585 1890 dum
600 1807 702 1888 alieno
717 1823 843 1904 negotio
858 1825 1033 1904 consulunt,
1057 1841 1149 1888 suum
1164 1842 1262 1906 paene

131 1927 404 1994 obliuiscerentur.
441 1926 522 1994 nihil
549 1945 605 1992 uos
634 1927 748 1991 durum
777 1926 857 1990 nihil
885 1928 1021 1992 insolens
1044 1928 1316 2010 deprecamur-:26

97 2056 122 2097 1⁵
130 2032 248 2096 uestris
282 2049 337 2096 uos
370 2032 526 2112 praestate
560 2047 615 2112 pro
643 2029 733 2095 uobis
770 2031 852 2111 quod
883 2030 1104 2112 praestiterunt
1131 2029 1182 2096 illi
1211 2051 1263 2096 er-

130 2137 250 2200 traneis
284 2135 394 2198 contra
415 2151 457 2198 se.
494 2137 576 2199 certe
604 2151 659 2198 nec
688 2151 781 2198 causa
814 2132 880 2198 illic
913 2132 1026 2197 iustior
1054 2151 1112 2198 uec
1133 2153 1263 2216 persona

131 2237 235 2303 carim
263 2255 319 2302 nee
349 2235 510 2302 sumentia
541 2237 707 2302 humanior
739 2254 797 2302 nec
820 2236 924 2303 orator
946 2237 1063 2318 gratior
1086 2237 1155 2302 fuit.
1194 2236 1262 2302 illic

130 2341 287 2425 agebatur
307 2358 363 2422 pro
386 2339 526 2419 crimine,
549 2340 603 2406 hic
624 2358 679 2422 pro
701 2339 829 2416 affectu3
859 2339 925 2404 illic
947 2357 1004 2423 pro
1026 2340 1189 2416 extraneis,
1212 2340 1262 2405 hic

130 2463 188 2528 pro
216 2443 308 2526 filiis3
342 2444 408 2510 illic
436 2445 519 2526 apud
546 2445 664 2510 iuratos
693 2443 822 2522 iudices,
851 2443 902 2508 hic
924 2442 1008 2524 apud
1029 2443 1180 2508 iniuratus
1204 2461 1261 2524 pa-

96 2553 254 2625 scentem
285 2549 352 2614 illic
372 2567 426 2632 per
453 2551 611 2635 oratorem
640 2549 694 2631 qui
718 2547 973 2613 circumscribere
995 2547 1184 2626 nitebantur,
1210 2546 1261 2612 hic

130 2671 186 2735 pur
209 2654 347 2734 neptem,
369 2671 446 2735 quae
469 2671 529 2736 qno
544 2671 600 2718 uos
622 2655 690 2735 ipsa
712 2651 865 2718 infantiae
879 2669 952 2718 snae
968 2649 1172 2735 simplicitate
1188 2651 1259 2732 plus

130 2757 268 2834 moueat,
291 2757 391 2822 adhuc
411 2773 520 2838 rogare
543 2774 604 2820 nun
626 2756 726 2822 nouit.
756 2755 902 2838 quidest
924 2755 1007 2839 quod
1021 2771 1132 2820 causae
1155 2753 1313 2824 desitlll

129 2861 215 2942 quod
237 2877 355 2924 nonum
376 2859 596 2940 inquirendum
617 2859 708 2924 nobis
723 2861 771 2924 est
792 2858 1038 2943 inauditumque
1054 2858 1262 2941 suffragium?

130 2979 210 3026 num
232 2965 451 3028 extraneorum
466 2964 548 3045 apud
571 2981 627 3028 uos
649 2964 793 3047 precibus
815 2965 968 3028 utendum
991 2963 1060 3028 est?
1084 2981 1207 3045 semper
1228 2962 1262 3026 in

96 3084 238 3136 ,ramore
261 3065 397 3130 cautella
419 3067 483 3143 esb3
518 3083 609 3130 nemo
632 3068 717 3131 enim
738 3065 850 3130 melius
873 3065 980 3146 diligit
1001 3083 1095 3148 quam
1118 3065 1171 3148 qui
1195 3083 1262 3130 ma·

129 3169 216 3232 xime
237 3171 365 3233 neretnr
387 3168 550 3235 offendere.
582 3173 663 3236 uude
683 3189 740 3254 ego
756 3189 838 3234 nunc
859 3171 984 3234 ueniam
1006 3175 1087 3252 peto,
1111 3167 1263 3252 nunquia

129 3271 302 3336 offendisse
330 3290 380 3336 me
408 3272 557 3352 nouerim,
592 3274 646 3337 sed
673 3276 708 3336 ut
742 3272 846 3338 locum
880 3273 1010 3338 offensae
1044 3273 1166 3354 penitus
1199 3289 1260 3336 non

129 3375 322 3456 relinquam,
360 3393 418 3439 nec
453 3375 643 3442 conscientia
679 3377 804 3458 culpae,
841 3376 895 3441 sed
930 3378 1052 3442 ratione
1090 3377 1121 3440 et
1157 3375 1262 3442 officio

129 3478 291 3556 cmitsth,
326 3482 362 3543 ut
394 3479 544 3545 maiorem
577 3480 659 3561 apud
692 3482 723 3544 te
756 3480 886 3544 allectus
920 3479 1057 3563 gratiam
1090 3480 1263 3545 obsecratio

95 3584 290 3649 emereatur
320 3582 438 3647 innoxii
461 3586 493 3648 et
515 3583 614 3648 amori
642 3582 784 3666 proficiat
811 3583 999 3667 supplicatio
1028 3586 1116 3648 reatu
1144 3601 1261 3660 carens,

129 3685 306 3765 habeasque
333 3685 404 3768 plus
426 3685 458 3751 in
486 3685 545 3750 filii
572 3687 621 3751 bui
649 3687 863 3768 deprecatione
893 3690 973 3769 quod
996 3686 1120 3770 diligas,
1149 3685 1177 3750 si
1199 3703 1258 3751 non

129 3789 228 3853 habes
263 3789 344 3870 qnod
378 3791 529 3853 remittas.
569 3808 758 3872 quamquam
792 3796 907 3855 temere
940 3790 1073 3855 fortasse
1106 3788 1193 3854 nobis
1221 3791 1313 3862 de28

182 4051 387 4106 lconsensuO
480 4051 618 4105 limentes
637 4068 670 4106 ec
687 4053 786 4106 mentis
808 4053 915 4108 Gcorr.
933 4059 1001 4108 m.1
1093 4052 1258 4122 bquidquid

12 4171 13 4174 =
127 4136 176 4191 sed
184 4138 293 4206 prioris
311 4138 328 4190 d
344 4142 537 4206 purtcposter.
551 4137 678 4193 craeoO
770 4137 802 4191 21
822 4153 890 4204 quae
908 4155 943 4194 cx
960 4155 986 4208 q;
1009 4139 1192 4195 Oeorr.m.2

127 4249 164 4304 25
182 4249 328 4304 cautellam
350 4250 467 4316 Olsort.
485 4255 575 4304 mom
594 4266 628 4303 erc
645 4225 777 4320 cautella)
880 4251 915 4306 26
936 4253 1041 4305 ucretor
1058 4249 1115 4306 sed.
1132 4267 1155 4307 e.
1172 4268 1188 4306 o
1205 4267 1261 4307 scr.

129 4353 149 4388 u
165 4336 278 4390 m.10
365 4335 692 4424 x31habeasquacplns
714 4338 737 4394 0

1107 4443 1157 4497 14*
