3068 5012
282 429 356 498 ’244
549 424 706 478 Saluiani
723 423 763 478 ad
781 422 961 478 ecelesiam
985 423 1000 478 I
1019 427 1035 488 d
1052 423 1163 480 61-63.

293 620 410 702 quanto
432 618 559 698 peeoata
581 616 636 679 tua
657 613 753 680 uilius
777 611 962 690 aestimaris,
984 613 1132 694 quoniam
1155 613 1221 696 qui
1240 633 1296 699 se,
1320 613 1425 696 inquit

293 719 466 803 apostolus,
497 717 705 784 existimat
734 735 818 782 esse
847 715 1022 799 aliquid,
1054 735 1137 784 eum
1159 717 1266 784 uilril
1287 717 1361 796 sit,
1385 736 1425 782 se

282 825 423 906 ‚ipsum
451 821 618 890 seducit.
657 823 778 886 utnon
806 820 908 886 dicam
935 818 1004 903 tibi,
1036 821 1117 902 quod
1139 822 1207 905 regi
1228 821 1280 890 illi
1301 820 1423 890 ulaturo

294 929 393 996 adhue
415 930 446 992 et
468 924 547 992 forte
569 923 677 991 iuueni
698 923 734 988 ut
752 923 919 989 festinaret
933 925 1041 990 tamen·
1056 926 1184 1006 peecata
1199 941 1256 992 sua
1270 925 1425 992 redimere

292 1031 492 1117 praeseptum
514 1031 578 1096 est:
602 1031 638 1094 tu
660 1029 766 1092 auum
788 1027 877 1092 tanto
901 1026 971 1108 plus
993 1045 1049 1111 pro
1067 1028 1100 1092 te
1114 1028 1218 1108 debes,
1242 1030 1324 1110 quod
1346 1028 1425 1094 haee
1450 1049 1462 1086 s

241 1131 346 1202 62111
373 1134 508 1202 moriens
536 1129 613 1198 faois
643 1129 694 1196 uel
724 1129 788 1199 iam
816 1130 939 1212 iamque
967 1129 1159 1202 moriturus,
1186 1131 1316 1213 grandis
1339 1132 1425 1198 enim

292 1237 503 1305 munificentia
525 1253 561 1300 ao
583 1234 707 1301 deuotio
730 1234 837 1300 futura
859 1236 918 1312 est,
949 1253 1027 1316 quae
1050 1235 1150 1317 possit
1169 1236 1203 1302 ld
1227 1251 1424 1318 conpensare,

282 1342 373 1430 quod
406 1341 484 1406 haee
511 1342 581 1406 tum
610 1340 750 1405 demum·
768 1337 892 1404 domino
921 1340 974 1404 tuo
1003 1338 1117 1418 reddis,
1151 1339 1275 1422 quando
1309 1338 1424 1404 habere

292 1450 358 1530 ipse
389 1446 452 1511 iam
479 1460 541 1510 non
570 1447 668 1530 potes,
702 1441 885 1524 praesertim
914 1459 986 1508 oum
1008 1442 1142 1508 addatur
1164 1445 1203 1508 ad
1225 1443 1288 1507 ista
1309 1441 1423 1520 omnia,

292 1553 373 1634 quod
395 1546 547 1630 propheta
568 1546 644 1628 ipse,
669 1545 722 1628 qui
745 1563 850 1628 regem
872 1543 964 1610 illum
986 1544 1025 1608 ad
1047 1546 1294 1628 redemptionem
1316 1545 1463 1610 primi-ro

293 1673 369 1720 num
398 1652 500 1730 uorat,
532 1669 587 1732 per
616 1649 695 1714 haee
725 1649 803 1734 ipsa,
837 1667 915 1732 quae
938 1647 1015 1714 dicit
1038 1649 1149 1714 debere
1172 1649 1249 1728 fiori,
1272 1669 1334 1717 uon
1357 1651 1425 1714 tam

293 1759 322 1824 ei
344 1758 453 1822 ueniae
476 1753 674 1820 securitatem
697 1769 791 1832 quam
815 1752 901 1817 uiam
923 1749 1123 1834 inquirendae
1139 1751 1253 1818 salutis
1276 1752 1423 1819 ostendit.

294 1863 398 1927 dioens
434 1858 517 1922 enim
549 1849 724 1940 ‘pearata
756 1858 827 1922 tua
860 1856 900 1920 in
931 1855 1225 1922 miseridordiis
1255 1855 1425 1933 redime,

294 1967 333 2029 et
365 1960 539 2026 forsitan
573 1959 872 2042 propitiabitur
905 1961 999 2023 deus
1030 1959 1200 2024 deliotis
1231 1959 1331 2038 tuis',
1368 1960 1426 2025 hoo

293 2070 405 2150 ipsum,
441 2067 519 2146 quod
558 2063 635 2128 diait
668 2061 853 2140 forsitan,
888 2079 976 2144 spem
1010 2063 1144 2146 indicat,
1177 2082 1240 2128 non
1274 2062 1462 2128 fiduciamrs

240 2165 283 2230 63
292 2169 468 2253 pollicetur.
505 2186 542 2234 er
569 2184 628 2250 quo
660 2166 804 2251 intellegi
836 2167 939 2248 potest
961 2185 1056 2247 quam
1079 2166 1207 2232 diffieile
1230 2167 1292 2234 iam
1315 2167 1348 2232 ln
1370 2187 1423 2232 su-

293 2273 410 2358 premis
440 2269 538 2354 positi
566 2271 738 2354 peooatores
771 2267 911 2352 qualibet
942 2268 1157 2336 munificentia
1185 2273 1223 2336 ad
1252 2269 1425 2355 perfeetum

293 2374 524 2460 indulgentiam
558 2374 717 2456 peruenire
752 2373 881 2456 possint,
920 2373 1043 2455 quando
1076 2374 1226 2457 propheta
1258 2373 1335 2460 ipse,
1370 2374 1425 2456 qui

294 2482 404 2548 suadet
426 2475 681 2563 propitiationem
705 2477 754 2540 dei
776 2477 1005 2560 inquirendam,
1029 2479 1210 2560 promittere
1233 2482 1339 2542 tamen
1362 2493 1424 2542 non

294 2603 387 2650 ausus
421 2583 470 2648 est
502 2581 749 2664 promerendam.
786 2580 841 2645 dat
874 2580 1040 2646 eonsilium
1074 2581 1111 2644 de
1146 2583 1219 2646 astu
1252 2584 1283 2645 et
1317 2585 1462 2646 tamense

293 2687 416 2755 dubitat
439 2686 477 2750 de
500 2684 625 2749 affeetu:
654 2682 846 2748 hortatorem
869 2701 901 2747 se
924 2683 1038 2776 agendi
1060 2703 1121 2750 non
1150 2683 1328 2766 inpetrandi
1350 2701 1425 2748 aue-

292 2795 393 2858 torem
415 2788 501 2856 faoit.
539 2805 634 2870 quare
656 2787 723 2850 ita?
747 2787 820 2868 quia
842 2805 949 2852 omnes
972 2788 1094 2854 soilieet
1115 2787 1292 2872 peccatores
1308 2787 1423 2852 debent

292 2913 348 2980 pro
377 2913 410 2960 se
439 2891 491 2957 uel
518 2891 552 2956 in
580 2889 733 2972 supremis
762 2889 875 2954 ouuota
896 2893 1069 2976 temptare,
1104 2889 1165 2956 etsi
1198 2907 1260 2956 non
1293 2893 1425 2975 possunt

293 2999 360 3064 ulla
381 3012 586 3079 praesumere.
616 2993 645 3057 si
667 2992 750 3058 enim
765 2993 833 3074 regi
848 2993 1000 3076 propheta
1014 2993 1069 3060 ille
1083 3013 1138 3076 per
1154 2995 1254 3061 solam
1271 2993 1425 3060 bonorum

294 3119 422 3185 operum
444 3097 625 3183 largitatem
649 3096 825 3161 absolutam
848 3095 1077 3179 indulgentiam
1100 3112 1162 3162 non
1184 3097 1351 3180 promittit,
1374 3096 1463 3161 in-ss

295 3206 444 3288 tellegere
467 3205 611 3285 peeoator
632 3216 693 3264 non
711 3201 783 3264 aeta
798 3216 940 3264 errorum
953 3201 1146 3282 paenitentia
1167 3204 1281 3285 potest,
1306 3204 1426 3282 quanta

294 3311 323 3376 ei
346 3311 378 3373 et
399 3324 493 3390 quam
514 3305 604 3388 larga
625 3305 657 3382 ln
680 3301 834 3386 supremis
858 3302 1071 3370 munifieentia
1093 3321 1169 3388 opus
1191 3303 1248 3377 est,
1277 3304 1330 3384 qui
1353 3305 1425 3370 uult

294 3412 437 3478 obtinere
466 3428 485 3476 a
513 3409 636 3474 domino
670 3426 725 3489 per
759 3423 862 3472 seram
897 3405 1094 3473 deuotionem
1123 3406 1204 3489 quod
1232 3423 1293 3471 non
1322 3411 1426 3489 potest

294 3532 444 3598 usurpare
465 3531 520 3597 per
541 3512 655 3596 legem.

398 3688 411 3742 1
436 3685 496 3740 Gal.
514 3683 539 3751 6,
559 3683 576 3738 3
680 3681 797 3738 13111.
816 3699 841 3750 p.
859 3681 919 3749 240,
938 3681 971 3736 51
989 3683 1018 3736 et
1035 3682 1094 3747 241,
1114 3681 1147 3736 18

346 3846 361 3897 1
387 3845 533 3912 parea-tua
558 3857 578 3894 a.
605 3855 657 3894 sor.
683 3842 713 3892 ta
734 3854 768 3892 m.
787 3843 803 3892 1
825 3839 853 3892 A
968 3837 1119 3906 quomodo?
1146 3837 1271 3906 quoniam
1298 3837 1338 3892 eol.
1366 3836 1425 3890 Bo·

294 3931 382 3986 lazius
484 3927 501 3982 2
524 3925 627 3995 aliquid
649 3942 682 3980 aa
704 3925 804 3994 aliquit
826 3939 897 3978 roro.
921 3925 993 3980 m.2
1016 3923 1043 3978 A
1147 3922 1163 3976 5
1187 3922 1265 3978 debes
1289 3938 1323 3978 eu
1346 3920 1424 3977 debis

293 4033 363 4074 oorr.
376 4018 443 4071 m.2
461 4016 489 4070 A
576 4014 608 4068 13
626 4012 697 4066 anim
715 4015 893 4069 raauromat.
909 4010 977 4064 ioasi
994 4013 1022 4064 A
1109 4010 1142 4066 14
1159 4009 1281 4065 forsitam
1299 4009 1354 4062 AB

294 4107 327 4159 15
344 4104 466 4159 forsitam
486 4102 513 4157 B
531 4106 556 4156 ea
573 4115 675 4154 rasuera
692 4115 763 4156 corr.
780 4100 811 4154 io
827 4097 943 4152 forsitan
961 4099 989 4153 A
1092 4095 1425 4152 stillaturam.

292 4191 362 4245 aA
388 4189 438 4244 illa
460 4187 487 4242 B
589 4187 624 4242 26
647 4186 795 4256 penitentia
817 4186 845 4240 A
949 4185 982 4238 29
1000 4189 1064 4254 post
1088 4185 1174 4254 legem
1192 4181 1256 4236 odd.
1274 4181 1337 4236 finit
1355 4180 1425 4236 liber

293 4276 403 4344 primns.
425 4287 533 4328 moram
551 4287 692 4328 susurrus
709 4271 765 4326 AB

751 4407 961 4430 ἀο--ν--ε-ο-Φ-ύφ
