3068 5012
526 397 693 468 epistolae
713 397 857 454 11-1111.

518 687 748 773 EPISTOLA
780 689 863 771 1111.

120 895 298 978 Hypatio
341 896 381 959 et
415 858 581 976 ¹Quietae
623 893 855 977 parentibus
899 892 1133 978 Saluianus,
1172 894 1284 964 Pol-l

404 996 527 1076 ladio,
551 997 783 1080 Auspiciola
804 997 981 1063 salutem.

169 1121 288 1185 Paulus
311 1119 485 1202 apostolus,
507 1117 672 1184 electionis
695 1133 769 1195 uas,
792 1116 944 1202 magister
964 1117 1038 1184 fidei
1061 1121 1094 1184 et
1115 1121 1255 1202 recepte·

69 1213 73 1219 ’
100 1221 235 1288 eonium
264 1222 323 1300 dei,
353 1241 425 1288 enm
449 1240 555 1288 omnes
585 1222 732 1306 epistolas
755 1209 828 1287 suas
850 1223 958 1305 utpote
982 1221 1257 1304 eloquentissimus

122 1326 177 1390 uir
207 1324 390 1402 dictauerit,
425 1327 611 1408 quibusdam
640 1329 744 1390 temen
773 1343 836 1390 non
865 1343 957 1390 suum
987 1327 1113 1390 tantum
1144 1343 1257 1390 nomen

122 1429 297 1512 inscripsit,
321 1429 475 1512 siquidem
497 1431 530 1494 in
553 1428 625 1494 eliis
647 1427 778 1506 Siluani,
800 1427 834 1491 in
858 1427 1017 1492 nonnullis
1033 1427 1200 1507 Timothei,
1224 1428 1258 1493 in

123 1530 315 1614 quibusdam
338 1551 414 1598 uero
435 1534 598 1614 utriusque
620 1530 739 1597 nomini
762 1549 853 1597 suum
875 1549 987 1597 nornen
1011 1532 1162 1597 adiunxit.
1201 1549 1256 1597 eur

122 1637 182 1701 idi
218 1637 370 1717 primum,
400 1637 505 1714 credo,
534 1639 571 1701 ut
593 1635 690 1701 simul
719 1651 785 1700 esse
811 1639 1051 1718 agnoscerentur
1079 1635 1133 1717 qui
1161 1634 1257 1700 simul

89 1739 316 1806 rescriberent:
350 1739 462 1804 deinde
491 1742 526 1804 ut
548 1737 582 1817 ii,
610 1738 665 1821 qui
693 1737 862 1821 seperatim
886 1741 924 1804 ab
947 1756 1128 1822 unoquoque
1150 1756 1257 1803 eorum

123 1843 232 1908 edocti
267 1843 401 1917 inerunt,
437 1842 553 1906 scirent
587 1841 729 1906 omnium
756 1860 819 1907 non
847 1841 1021 1924 discrepare
1050 1843 1256 1907 sententiam:

125 1950 297 2028 postremo,
321 1951 358 2011 ut
373 1961 449 2028 quoe
465 1946 660 2030 singulorum
677 1965 739 2011 non
753 1948 901 2012 mouebat
916 1945 1095 2024 auctoritas,
1118 1950 1258 2011 omnium

11 2127 12 2134 ἵ
124 2050 236 2114 saltim
265 2053 404 2115 moueret
433 2049 594 2115 adsensus.
628 2050 675 2114 ita
704 2069 776 2134 ergo
807 2054 839 2114 et
865 2069 938 2132 nos,
974 2050 1186 2132 exemplorum
1207 2050 1289 2116 ιιι-2

125 2154 271 2236 gentium
300 2155 390 2235 perui
418 2153 602 2232 imitatores,
632 2156 671 2219 ad
699 2171 765 2229 uos,
798 2173 873 2236 quos
896 2154 1007 2216 natura
1029 2155 1175 2233 parentes
1196 2151 1258 2216 fide

91 2256 242 2322 refretres
265 2257 378 2320 honore
401 2257 542 2322 dominos
557 2255 718 2336 habemus,
742 2275 814 2337 non,
837 2258 874 2320 ut
890 2255 1022 2338 apostoli
1040 2254 1098 2336 illi,
1123 2254 1258 2318 auctori-

123 2361 194 2424 tate
219 2360 400 2424 docentium
427 2358 604 2437 scribimus,
631 2359 684 2424 sed
707 2359 888 2424 humilitate
918 2358 1116 2433 famulorum,
1146 2358 1258 2438 utqui

126 2462 279 2528 hactenus
307 2461 503 2544 singulorum
532 2463 710 2528 nostrorum
741 2460 882 2544 epistolis
906 2479 967 2525 non
996 2459 1074 2525 moti
1102 2461 1176 2524 estis
1206 2461 1258 2526 uei

126 2583 212 2631 nunc
240 2567 381 2630 omnium
410 2566 625 2631 obsecratione
653 2566 850 2644 moneamini,
883 2581 999 2646 nosque
1021 2561 1102 2628 filios
1125 2567 1256 2645 nestros,

126 2689 167 2733 ne
191 2670 246 2751 qui
270 2687 306 2733 er
328 2669 483 2752 superfluo
506 2674 609 2734 metus
633 2670 686 2745 sit,
715 2671 747 2734 et
769 2668 865 2733 simul
886 2667 992 2732 sciatis
1016 2686 1084 2732 esse
1106 2668 1137 2732 et
1159 2687 1258 2734 nuum

92 2773 245 2837 essurire
273 2773 391 2853 pariter
414 2777 445 2838 et
468 2775 606 2838 metuere
628 2777 659 2838 et
683 2772 857 2856 aequaliter
887 2773 1072 2855 supplicare,
1102 2792 1164 2838 non
1185 2773 1260 2855 quia

126 2878 265 2941 sciemus
287 2894 327 2941 an
348 2895 404 2942 uos
427 2878 572 2942 omnibus
594 2877 789 2955 nascamini,
814 2877 867 2942 sed
890 2877 964 2958 quia
986 2893 1042 2941 nos
1065 2894 1127 2941 nen
1149 2894 1259 2958 possu-

126 2998 198 3044 mus
222 2997 315 3044 cause
338 2998 403 3046 esse
427 2979 529 3046 diuisi.
564 2981 647 3047 idem
670 2981 753 3045 enim
777 2980 868 3046 nobis
891 2979 1059 3045 admodum
1075 2984 1178 3045 metus
1201 2982 1290 3061 est,3

127 3083 256 3148 etiamsi
289 3103 350 3149 non
386 3085 493 3150 eadem
526 3086 651 3150 uidetur
685 3085 809 3150 offense.
853 3083 966 3149 caritas
1003 3083 1117 3167 quippe
1147 3085 1260 3147 mutua

126 3186 216 3262 iacit,
240 3191 276 3254 ut
297 3189 375 3253 licet
398 3206 454 3253 uos
477 3207 539 3254 non
561 3189 685 3270 utrique
702 3188 806 3252 forsan
830 3187 1046 3266 suscensentis,
1069 3205 1131 3251 uno
1145 3190 1259 3276 tamen

93 3305 164 3354 aex
188 3289 280 3355 nobis
302 3309 355 3356 reo
377 3291 457 3356 alter
479 3292 546 3357 sine
576 3289 707 3356 tristitie
736 3292 841 3355 reatus
863 3307 930 3355 esse
953 3309 1015 3355 non
1036 3290 1144 3371 possit.
1178 3289 1258 3356 illud

127 3411 204 3457 sane
238 3395 296 3469 eet,
332 3396 413 3476 quod
449 3413 505 3461 nos
535 3395 721 3460 contendere
752 3394 787 3457 in
816 3394 919 3476 aliquo
943 3398 974 3458 et
1003 3395 1121 3459 certare
1148 3393 1259 3458 mutuo

128 3496 237 3579 iaciat,
268 3499 348 3579 quod
374 3517 444 3562 cum
467 3500 558 3564 ambo
586 3498 644 3563 filii
668 3499 766 3563 uestri
790 3497 961 3580 aequaliter
982 3497 1030 3562 rei
1052 3497 1159 3575 simus,
1188 3496 1258 3578 plus

126 3601 237 3665 temen
267 3603 477 3684 unusquisque
507 3605 650 3668 nostrum
679 3620 735 3685 pro
765 3602 864 3666 altero
895 3619 989 3683 quom
1019 3619 1075 3682 pro
1099 3600 1257 3665 estimet.

13 3707 14 3714 ’
126 3707 272 3785 parentes
305 3705 473 3784 carissimi,
508 3706 651 3787 parentes
684 3703 948 3778 reuerendissimi,
983 3703 1170 3786 interrogari
1204 3705 1291 3771 uos4

182 4000 270 4055 1VII
288 4000 320 4054 e'n
337 3999 435 4070 mpO
536 3995 719 4066 2ypetioO
818 3993 918 4063 duas]
943 4009 1004 4047 sues
1018 3994 1115 4062 priore
1134 4009 1151 4062 s
1160 3997 1259 4061 punct.

132 4087 156 4142 0
216 4097 219 4106 ·
260 4084 445 4140 itimoteiG
546 4083 581 4139 10
597 4083 684 4138 hiiG
784 4082 817 4136 19
835 4097 868 4134 ne
886 4081 932 4150 qui
946 4079 1127 4150 praecedente
1144 4079 1260 4134 Rittere·

13 4183 14 4190 ’
127 4175 207 4228 laceio
225 4173 369 4228 Hotme'ue:
393 4171 501 4239 ueq30
603 4169 638 4223 24
660 4169 749 4224 forsan
768 4184 803 4223 eo
820 4167 918 4220 forscm
937 4183 970 4220 m.
989 4171 1013 4232 1,
1036 4171 1069 4220 ot
1085 4163 1194 4229 otest

129 4261 163 4315 25
181 4259 288 4328 possint
301 4265 398 4328 mosee.
416 4275 435 4312 n
459 4257 481 4314 0
567 4256 601 4310 29
619 4254 830 4310 reuerentissimi
853 4252 876 4308 O
960 4252 1126 4321 interrogare
1143 4251 1261 4307 Ritters·

130 4346 225 4401 honus
