3068 5012
276 410 339 476 222
764 405 921 460 Saluiani
1005 383 1010 390 ’

277 598 484 674 salubritatis,
509 599 630 663 minora
653 599 784 664 forsitan
807 598 917 664 fierent
932 616 986 680 per
1001 613 1113 662 nomon
1130 595 1275 662 auctoris.
1308 594 1407 660 babet

275 703 381 783 itaque
404 701 542 784 quisquis
564 702 620 767 ille
642 704 700 779 cst,
730 701 784 782 qui
806 701 948 784 requirit,
971 719 1026 765 cur
1050 699 1189 764 alionum
1210 715 1324 764 nomen
1346 699 1405 764 ad·

225 806 417 887 lisumpsit.
454 806 553 870 restat
585 805 686 870 dicere
721 823 776 869 eur
805 804 973 869 Timothei.
1013 805 1093 886 quod
1123 805 1160 866 ut
1182 803 1333 876 dicamne,
1364 804 1406 870 ad

275 911 434 978 auctorem
458 908 557 974 donno
580 909 735 974 reuersuri
765 925 882 972 sumus.
920 909 946 973 is
969 909 1053 972 euim
1076 924 1239 974 causarum
1261 907 1406 972 omnium

275 1029 368 1076 cansa
400 1013 464 1076 est:
498 1011 552 1093 qni
585 1012 666 1076 sicut
699 1010 874 1076 humilitati
906 1009 1067 1090 praestitit
1100 1014 1136 1074 ut
1170 1009 1322 1088 alienum,
1357 1011 1448 1077 sice

274 1115 382 1180 timeri
404 1118 497 1197 utque
520 1114 672 1182 cautellac
695 1117 731 1178 ut
753 1115 910 1178 Timothei
932 1131 1045 1178 nomen
1075 1113 1233 1178 scriberet.
1271 1111 1405 1195 pauidus

277 1219 389 1300 quippe
422 1218 470 1282 est
504 1219 536 1282 et
570 1218 787 1284 formidolosus
819 1235 856 1282 ac
889 1235 1120 1299 nonnumquam
1155 1217 1253 1284 etiam
1285 1217 1406 1282 leuium

277 1321 506 1386 mendaciorum
541 1322 634 1403 fugax
667 1323 760 1404 atque
793 1321 826 1385 in
855 1326 980 1388 tentum
1013 1340 1142 1404 peceare
1175 1324 1334 1396 metusne,
1369 1323 1407 1384 nt

227 1424 434 1492 lainternum
456 1425 489 1489 et
511 1441 572 1488 uon
600 1425 740 1490 timenda
768 1425 925 1490 formidet.
964 1443 1036 1489 curn
1059 1443 1131 1506 ergo
1159 1424 1344 1488 subtrahere
1369 1441 1406 1488 ex

276 1529 370 1594 titulo
399 1546 510 1594 nomeu
538 1548 630 1596 suurn
652 1532 684 1593 ot
706 1529 841 1594 inserere
865 1529 962 1593 uellet
983 1530 1134 1610 alienum,
1163 1529 1270 1592 timuit
1292 1527 1324 1592 in
1346 1526 1449 1591 haere

276 1632 439 1698 nominum
470 1631 713 1700 commutatione
741 1631 949 1713 mendacium,
979 1649 1175 1713 nequaqnam
1205 1630 1325 1696 seilicet
1348 1630 1406 1694 ad·

177 1783 179 1788 -
277 1735 466 1800 mittendam
498 1737 612 1817 putans
646 1735 743 1800 etiam
775 1738 806 1800 in
843 1735 946 1801 officio
979 1733 1081 1800 sancti
1113 1733 1214 1816 operis
1249 1733 1407 1798 maculam

278 1837 435 1904 falsitatis.
474 1839 592 1921 positus
624 1841 730 1920 itaque
759 1838 792 1902 in
821 1838 879 1904 hoc
907 1839 1074 1920 ambiguae
1103 1835 1257 1918 opinionis
1287 1835 1407 1900 incerto

277 1941 433 2022 optimum
467 1940 532 2006 fore
567 1941 706 2018 credidit,
740 1946 776 2006 ut
801 1940 885 2006 beati
916 1942 1125 2024 euangelistae
1157 1939 1407 2005 sacratissimum

279 2046 458 2124 sequeretur
491 2045 675 2128 exemplum,
710 2045 764 2126 qni
792 2045 824 2109 in
852 2048 983 2126 utroque
1018 2042 1116 2110 diuini
1149 2044 1248 2125 operis
1283 2041 1407 2108 exordio
1418 2061 1448 2102 ιε,

279 2144 440 2227 Theophili
463 2165 574 2213 nomen
594 2146 776 2223 inscribens
800 2165 873 2212 oum
888 2149 926 2210 ed
950 2147 1110 2213 hominem
1124 2147 1285 2230 scripsisse
1300 2146 1407 2210 uidea-

278 2255 339 2332 tur,
368 2249 408 2314 ad
431 2268 568 2316 amorem
597 2251 648 2315 dei
674 2251 808 2332 scripsit,
843 2251 900 2315 hoc
936 2251 1058 2316 scilicet
1090 2249 1311 2334 dignissimum
1341 2267 1408 2314 esse

278 2353 434 2435 iudicans,
466 2354 501 2417 nt
523 2354 562 2418 ad
592 2353 695 2435 ipsum
725 2353 872 2418 affectum
896 2354 945 2419 dei
970 2356 1088 2436 scripta
1110 2355 1275 2436 dirigeret,
1306 2368 1407 2434 aquo

229 2459 318 2528 19en
341 2456 540 2523 scribendum
563 2457 707 2540 inpulsus
730 2458 818 2524 esset.
850 2458 907 2522 hoc
923 2477 994 2541 ergo
1012 2460 1108 2524 etiam
1131 2460 1262 2538 scriptor
1283 2456 1344 2533 hic,
1368 2454 1408 2519 de

279 2579 339 2643 qno
367 2560 534 2643 loquimur,
569 2580 644 2626 usus
680 2562 729 2625 est
756 2562 939 2643 argumento
969 2566 1062 2645 atque
1091 2560 1231 2626 consilio.
1269 2559 1448 2625 consciuere

280 2664 364 2730 enirn
394 2665 452 2728 sibi
475 2665 521 2728 sio
542 2681 575 2726 se
598 2664 703 2730 emnia
725 2663 758 2729 in
780 2663 907 2747 scriptis
936 2665 1001 2729 suis
1023 2683 1079 2746 pro
1102 2664 1151 2729 dei
1180 2663 1294 2730 honore
1324 2662 1408 2728 sicut

279 2766 371 2832 illum
394 2783 448 2846 pro
472 2766 521 2830 dei
543 2785 647 2834 amore
676 2767 801 2844 fecisse,
834 2786 896 2850 qua
919 2768 1043 2834 ratione
1063 2766 1119 2834 ille
1141 2765 1321 2849 Theophili,
1350 2768 1409 2830 bae

279 2869 376 2936 etiam
404 2868 456 2938 hie
484 2869 640 2936 Timothei
674 2889 785 2936 nomeu
813 2870 989 2953 inscripsit;
1025 2888 1099 2936 nam
1130 2871 1211 2935 sicut
1240 2869 1408 2951 Theophili

280 2971 431 3038 umebulo
453 2990 540 3038 amor
562 2972 606 3037 sio
622 2973 780 3042 Timothei
802 2975 901 3040 bonor
923 2974 1100 3042 diuinitatis
1122 2974 1314 3056 exprimitur.
1346 2973 1408 3036 ita·

281 3095 340 3160 que
361 3096 433 3144 curn
455 3075 535 3159 legis
550 3077 752 3142 Timotheum
774 3079 813 3144 ad
835 3077 998 3142 ecclesiam
1013 3077 1185 3161 scripsisse,
1208 3077 1265 3142 hee
1280 3074 1447 3140 intelle-ss

281 3199 354 3262 gere
376 3180 479 3256 debes,
503 3197 558 3263 pre
581 3180 695 3244 honore
718 3179 767 3248 dei
790 3179 829 3246 ad
851 3180 1017 3245 ecclesiam
1039 3179 1191 3262 seriptum
1213 3198 1289 3262 esse,
1311 3179 1408 3243 immo

281 3285 384 3366 potius
417 3283 521 3366 ipsum
554 3283 701 3348 honorem
734 3283 785 3348 dei
819 3283 935 3364 scripta
966 3283 1099 3348 misisse.
1132 3283 1205 3364 quie
1232 3283 1314 3348 recto
1342 3281 1410 3363 ipse

385 3512 418 3568 14
436 3514 499 3567 an.
519 3515 543 3580 1,
560 3514 577 3567 3
630 3516 689 3568 Act.
710 3515 733 3578 l,
752 3517 765 3567 1

335 3729 352 3781 2
375 3730 544 3798 assumptum
568 3728 611 3796 (ad
635 3743 655 3784 s.
673 3729 704 3795 p)
728 3727 766 3783 sit
789 3743 823 3780 eor
845 3727 990 3793 assumpsit
1015 3727 1043 3780 Β
1064 3742 1135 3781 corr.
1158 3743 1194 3784 m.
1210 3730 1243 3794 2,
1270 3732 1337 3794 etp
1365 3726 1412 3780 ad·

282 3815 428 3886 sumpserit
445 3815 575 3873 Halmius
676 3815 694 3870 4
717 3813 752 3884 is]
769 3812 812 3867 bis
835 3813 862 3866 Β
966 3812 1117 3866 beantella
1135 3813 1163 3866 Β
1188 3812 1341 3882 cantelaep

282 3902 409 3960 scriberet
426 3898 493 3972 Bp,
522 3900 597 3967 ‘fort
616 3895 779 3958 inscriberet'
799 3900 944 3966 Halmium
971 3900 1008 3966 cf.
1027 3905 1052 3964 ἕ.
1071 3903 1112 3954 19.
1130 3903 1167 3954 20
1268 3900 1286 3953 8
1304 3899 1411 3953 menda-

281 3992 380 4048 tiorem
407 3989 435 4043 Β
538 3991 555 4042 9
581 4004 610 4042 o·
631 3989 714 4044 titulo
738 3988 893 4056 (cs.§.14)
916 3988 943 4041 Β
973 3990 1001 4040 et
1024 3986 1106 4040 titulo
1131 4003 1153 4056 p
1256 3985 1290 4040 10
1315 3986 1411 4040 timuit

281 4077 433 4134 Boeotos:
452 4075 578 4131 timothei
590 4075 641 4143 Bp
728 4075 759 4134 11
779 4073 986 4130 commutacione
1005 4089 1038 4127 eoo
1057 4089 1136 4126 ·nnm
1154 4073 1182 4126 Β
1193 4088 1264 4128 corr.
1276 4075 1343 4126 Μ

283 4161 316 4215 14
333 4161 390 4216 iore
407 4177 442 4218 ceo
459 4159 533 4214 fuere
550 4159 578 4212 Β
596 4176 666 4215 corr.
683 4164 754 4220 Μ
851 4158 1052 4228 euuangelistae
1071 4159 1099 4212 B
1202 4158 1235 4212 16
1253 4157 1358 4211 theofili
1376 4157 1412 4224 B,

283 4252 314 4302 ut
334 4253 358 4312 ἕ.
377 4251 410 4306 19
513 4247 546 4302 21
574 4248 778 4302 sicut-amore
804 4261 853 4300 oro.
879 4262 899 4314 p
1001 4245 1035 4298 23
1063 4260 1158 4298 nomen
1184 4243 1323 4313 inscripsit
1349 4243 1410 4298 Jct.

283 4335 394 4403 Meyer:
425 4334 543 4388 nominis
561 4335 618 4401 (·ue
631 4337 666 4403 p)
684 4333 792 4402 scripsit
809 4333 860 4400 Bp
963 4333 998 4386 25
1015 4331 1143 4400 intellege
1161 4331 1188 4384 Β
