3096 5018
486 366 524 420 ad
543 365 720 420 eeclesiam
741 367 787 422 111
806 371 821 433 ἕ
841 366 949 423 10-17.
1220 371 1284 438 273

152 575 243 624 mens
266 558 356 640 larga
377 558 441 624 nisi
463 558 658 642 paenitentia
681 557 841 624 fructuose
856 559 887 621 et
906 557 1117 641 eleemosynae
1140 558 1282 641 oopiosae

155 662 246 744 quasi
273 679 385 728 manus
414 661 547 744 ualidae,
580 662 634 727 ubi
655 661 787 744 denique
815 677 870 741 pro
894 659 1077 728 diuersitate
1099 661 1283 728 meritorum

154 767 210 830 aut
236 784 395 832 summum
427 765 544 842 bonum
573 766 713 831 inuenies
743 767 798 830 aut
820 782 979 830 summum
1002 765 1131 843 malum,
1155 768 1210 834 aut
1232 765 1282 829 in·

155 869 287 935 mortale
310 871 484 950 praemium
507 871 563 936 aut
585 869 651 933 sine
673 869 733 934 fine
757 871 959 936 tormentum.
989 871 1020 934 et
1042 869 1078 934 tu
1093 869 1131 934 de
1146 870 1283 954 loeuple·
1295 868 1336 934 14

130 972 260 1037 itandis
283 972 529 1056 quibuscumque
552 972 716 1039 heredibus
740 972 804 1037 tuis
833 971 961 1054 eogitas,
991 973 1029 1038 de
1052 971 1163 1056 opibus
1185 991 1283 1057 agna·

154 1079 259 1140 torum
293 1076 556 1158 cognatorumque
589 1077 743 1160 suspiras,
779 1077 1106 1158 quampotissimum
1139 1076 1283 1143 ditiorem

154 1178 341 1260 patrimonio
365 1179 418 1244 tuo
441 1179 548 1262 faeias,
572 1181 622 1244 eui
638 1178 846 1262 supellectilis
861 1179 967 1246 uariae
990 1181 1172 1247 ornamenta
1197 1180 1282 1248 tran

154 1282 283 1362 scribas,
313 1281 401 1348 ouius
427 1282 591 1365 apothecas
616 1282 711 1365 oopiis
733 1283 796 1348 tuis
818 1281 952 1364 repleas,
975 1283 1025 1348 eui
1049 1284 1197 1350 maiorem
1218 1301 1284 1350 ser·

155 1402 266 1450 norum
296 1403 461 1450 numerum
491 1385 699 1467 derelinquas.
736 1383 950 1450 infelicissime
977 1387 1135 1468 omnium,
1167 1388 1284 1468 cogitas

118 1506 249 1570 requam
278 1490 355 1554 bene
386 1487 441 1554 alii
468 1487 592 1570 postte
615 1488 734 1566 uiuant,
767 1505 830 1552 non
853 1488 972 1572 eogitas
995 1507 1088 1570 quam
1111 1489 1194 1554 male
1216 1490 1283 1572 ipse

152 1592 307 1658 moriaris.
345 1593 395 1656 dio
422 1593 510 1674 mihi,
540 1610 661 1675 quaeso,
689 1591 824 1659 omiser
853 1591 1041 1657 ointidelis!
1072 1611 1144 1657 eum
1173 1591 1335 1658 multis15

152 1694 380 1777 patrimonium
402 1694 494 1760 tuum
516 1695 648 1772 diuidas‚
673 1714 743 1761 aum
758 1696 876 1760 multos
893 1693 1095 1760 facultatibus
1112 1697 1175 1762 tuis
1191 1697 1282 1773 dites,

154 1798 307 1881 numquid
338 1797 375 1864 de
405 1799 472 1864 solo
494 1799 525 1862 te
548 1817 580 1862 es
603 1803 668 1864 tam
700 1798 781 1862 male
811 1798 952 1876 meritus,
984 1801 1020 1862 ut
1042 1797 1101 1864 tibi
1124 1817 1180 1864 neo
1202 1799 1284 1867 inter

154 1903 315 1966 extraneos
331 1901 434 1968 looum
450 1900 545 1966 fatias
562 1901 709 1966 heredis?
724 1920 794 1970 eoae
805 1906 946 1984 expeetat
961 1903 991 1966 to
1006 1902 1070 1967 iam
1086 1921 1285 1986 egressurnm

21 1990 22 2014 ¹
117 2006 192 2070 rede
214 2003 284 2070 uita
305 2006 367 2070 ista
390 2005 527 2070 officium
550 2005 718 2070 tribunalis
737 2006 826 2085 seori,
850 2009 1014 2088 expeetant
1030 2007 1162 2072 tortores
1179 2009 1285 2090 angeli

154 2111 186 2171 et
209 2109 425 2174 inmortalium
448 2109 675 2174 tormentorum
696 2108 851 2174 terribiles
873 2109 1022 2188 ministri,
1052 2113 1082 2175 et
1105 2112 1141 2173 tu
1163 2111 1284 2178 futurae

153 2216 224 2294 post
256 2213 288 2278 te
319 2211 466 2278 heredum
496 2212 707 2278 mundialium
737 2213 913 2294 uoluptates
943 2215 1046 2278 auimo
1076 2214 1217 2290 uolutas,
1248 2218 1284 2281 tu

155 2317 281 2382 delicias
304 2317 436 2382 aliorum
457 2319 563 2381 mente
584 2317 776 2398 pertractas:
800 2315 995 2397 quambene
1018 2316 1138 2382 soilioet
1160 2319 1229 2399 post
1253 2321 1284 2384 te

155 2418 243 2484 heres
274 2422 347 2485 tuus
380 2420 417 2484 de
449 2419 501 2485 tuo
532 2421 691 2503 prandeat,
722 2418 835 2501 quibus
862 2419 959 2501 oopiis
981 2422 1125 2486 uentrem
1148 2421 1281 2504 expleat,

115 2523 306 2605 aequomodo
337 2541 434 2604 usque
463 2523 503 2588 ad
532 2540 680 2588 nauseam
709 2521 934 2588 redundantem
962 2523 1085 2588 uisoera
1108 2526 1283 2591 exsaturata

153 2626 319 2692 distendat.
355 2626 572 2692 infelioissime
594 2626 743 2709 omnium,
767 2626 841 2709 quid
864 2626 922 2692 tibi
941 2627 989 2694 est
1011 2645 1082 2692 oum
1106 2628 1154 2694 his
1181 2627 1282 2694 neniis
1295 2624 1336 2692 16

152 2729 229 2814 quid
259 2730 317 2795 tibi
346 2747 417 2794 eum
446 2728 496 2794 his
520 2728 741 2808 deliramentis,
766 2728 841 2812 quid
863 2749 933 2797 oum
957 2731 1097 2797 stultitia
1119 2731 1210 2798 huius
1234 2751 1283 2798 er·

153 2833 231 2898 roris
260 2833 335 2915 quid
365 2851 436 2906 oum
458 2833 632 2916 perditione
654 2833 747 2898 istius
771 2833 943 2900 uanitatis?
980 2835 1130 2918 numquid
1159 2854 1284 2902 sueour-

153 2955 220 3000 rere
243 2935 301 3000 hoo
324 2935 382 3002 tibi
405 2936 487 3002 inter
510 2935 665 3018 supplioia
680 2955 803 3004 summa
824 2937 950 3019 poterit,
974 2937 1053 3015 siis,
1076 2938 1131 3022 qui
1145 2957 1194 3006 res
1211 2945 1283 3005 tuas

112 3038 282 3122 asprediga
305 3038 450 3119 eomedit,
473 3039 579 3104 lautus
602 3043 633 3104 et
656 3057 787 3122 pransus
809 3042 888 3104 bene
909 3041 1082 3106 eruotaritl

196 3159 273 3225 IIII.
296 3157 355 3226 Sed
372 3161 410 3225 de
425 3159 482 3241 his,
508 3161 590 3224 unde
611 3179 694 3225 nuno
715 3159 882 3242 loquimur,
907 3160 935 3224 si
957 3179 1006 3225 res
1028 3178 1063 3226 ao
1081 3163 1159 3227 ratio
1174 3162 1334 3242 postu-17

151 3261 305 3345 lauerint,
343 3263 440 3329 etiam
479 3265 548 3345 post
586 3262 662 3327 haee
699 3263 804 3346 aliqua
841 3263 1021 3329 subdemus.
1059 3263 1185 3328 interim
1224 3265 1284 3330 hoo

208 3535 220 3589 1
246 3535 413 3604 elemosynae
431 3536 459 3588 A
485 3535 560 3588 elem.
579 3536 606 3588 Β
710 3537 726 3589 6
749 3539 930 3606 cognatorum.
958 3537 1014 3604 Quo
1033 3541 1064 3605 (s.
1082 3553 1134 3595 eor.
1152 3555 1186 3594 m.
1205 3541 1225 3594 2
1243 3538 1283 3606 id)

150 3637 226 3688 susp.
246 3619 274 3673 Β
363 3621 459 3689 lpoet
477 3621 603 3675 laoiasa'o
620 3622 648 3674 A
665 3637 734 3676 eros.
747 3622 871 3676 ditiorem
885 3623 1017 3677 iteratum
1106 3624 1283 3678 transscribas

149 3707 197 3761 lta'o
214 3708 242 3760 A
341 3708 372 3760 ll
384 3706 509 3760 insedelis
522 3723 556 3762 ex
568 3707 737 3761 infidelitatis
749 3724 820 3763 corr.
833 3727 867 3764 m.
879 3714 898 3764 2
916 3710 943 3764 Β
954 3711 1019 3764 item
1030 3711 1124 3765 atatim
1138 3711 1237 3765 multos
1250 3726 1284 3766 ea

152 3793 249 3847 multis
269 3795 346 3862 (post
363 3795 437 3860 oum)
544 3793 576 3846 13
594 3809 659 3846 num
676 3809 696 3847 o.
714 3809 765 3848 eor.
783 3811 819 3852 m.
836 3798 856 3850 2
873 3795 938 3865 quid
955 3796 983 3848 A
1086 3796 1119 3852 15
1132 3803 1197 3864 poet
1215 3797 1285 3852 saori

149 3895 173 3936 e.
194 3879 212 3933 l.
230 3897 264 3934 m.
281 3881 302 3934 2
320 3882 349 3934 et
367 3879 394 3934 Β
499 3879 532 3934 16
550 3878 680 3934 terribilis
697 3881 726 3933 A
743 3887 769 3934 et
787 3897 856 3937 corr.
874 3881 906 3936 a'ra
925 3881 977 3934 -les
996 3880 1023 3934 B
1124 3882 1157 3936 18
1174 3881 1284 3938 delicias

150 3982 189 4022 ea
206 3966 253 4021 dil.
272 3982 343 4020 corr.
361 3968 434 4020 Μ
457 3967 484 4020 A
587 3966 619 4022 21
643 3965 818 4021 infilioissime
841 3967 868 4020 A
972 3966 1060 4020 neniis
1083 3966 1152 4022 AB:
1180 3968 1284 4023 naeniis

149 4068 175 4107 o.
194 4051 255 4107 odd.
274 4051 407 4107 Halmius
510 4052 544 4108 22
562 4051 745 4108 deliramentis
763 4069 798 4107 ea
815 4052 887 4106 dilir.
905 4067 973 4108 eoru.
992 4068 1026 4106 m.
1046 4054 1066 4107 2
1083 4053 1126 4120 A,
1151 4068 1185 4108 ea
1202 4053 1284 4108 deler.

152 4139 183 4196 Β
275 4139 310 4194 25
327 4145 387 4208 poet
405 4140 535 4194 eructarit
553 4137 617 4192 odd.
633 4154 656 4207 p
674 4143 700 4193 et
718 4138 779 4193 edd.
798 4144 864 4194 oute
875 4138 982 4192 Holma
1006 4140 1054 4192 aut
1072 4138 1153 4192 etiarn
1172 4143 1204 4193 ut
1221 4139 1285 4204 tibi,

150 4225 201 4295 qui
219 4224 372 4280 deuoranda
394 4228 443 4280 tna
460 4225 549 4279 omnia
567 4222 714 4291 tradidisti,
738 4224 899 4279 redundanti
923 4223 1057 4277 cruditate
1077 4223 1138 4294 plus
1158 4228 1288 4293 praestet,

151 4314 179 4366 si
197 4311 263 4365 bene
281 4311 433 4367 uomuerit?
451 4311 502 4378 cfr.
518 4310 666 4370 Sita-Ber,
674 4326 705 4378 p.
719 4313 756 4364 33
846 4310 880 4364 27
898 4309 1028 4377 subdem3⁹
1044 4310 1083 4365 oio
1095 4313 1162 4364 aaa
1180 4312 1208 4364 A

206 4416 285 4471 VIII.
1151 4415 1184 4468 18
