2972 5000
303 407 346 475 54
785 396 944 456 Saluiani

304 598 394 664 nocet
416 595 541 678 penitus
563 593 614 658 cui
641 591 794 672 detrahit,
826 591 1043 658 tantummodo
1065 591 1157 657 illum
1181 590 1275 674 punit
1302 611 1318 658 e
1341 591 1433 658 cuins

251 701 356 769 350re
377 698 527 783 procedit.
552 695 605 762 sed
626 681 773 774 delirare,
803 695 927 779 opinor,
953 695 1095 761 uidemur
1115 696 1178 760 ista
1199 694 1375 778 repetendo,
1399 699 1435 761 et

304 805 369 870 iero
391 806 427 868 ut
450 819 506 868 nos
529 800 662 865 delirare
675 798 847 864 uideamur.
872 798 1024 882 numquid
1040 797 1188 863 delirauit
1210 798 1353 864 dominus
1375 799 1434 881 qui

302 907 474 990 praecepit:
497 904 620 970 omnis
636 902 755 980 enim,
777 902 881 986 inquit
895 917 951 984 per
967 901 1143 984 apostolum
1159 919 1259 976 suum,
1282 902 1435 968 clamor

303 1010 513 1076 auferatur
535 1005 781 1072 auobircum
804 1005 908 1070 omni
924 1005 1099 1070 malitia.
1122 1006 1290 1086 utrumque
1304 1003 1433 1087 quidem
1458 1024 1473 1065 ι

303 1112 424 1180 hocin
452 1110 543 1176 nobis
572 1110 689 1193 iugiter
716 1111 908 1192 perseuerat,
942 1111 995 1174 sed
1031 1107 1132 1192 magia
1165 1109 1273 1172 tamen
1305 1107 1435 1174 malitia

304 1233 399 1300 quam
420 1214 547 1280 clamor.
572 1214 689 1278 clamor
712 1211 825 1294 quippe
848 1229 910 1276 non
932 1229 1054 1294 semper
1069 1213 1118 1276 est
1132 1211 1165 1277 in
1180 1209 1284 1276 oribus
1303 1213 1434 1293 nostris,

302 1320 429 1386 malitia
457 1319 563 1383 autem
593 1333 713 1398 semper
741 1315 775 1380 in
804 1315 963 1390 cordibus3
996 1333 1032 1381 ao
1066 1331 1122 1398 per
1149 1315 1208 1382 hoc
1233 1319 1309 1399 puto
1335 1316 1433 1398 quod,

303 1421 429 1488 etiamsi
451 1420 485 1484 in
507 1419 595 1485 nobis
617 1420 734 1484 clamor
756 1418 927 1503 desineret,
950 1421 1055 1484 tamen
1077 1417 1203 1484 malitia
1224 1421 1431 1502 permaneret.

251 1524 370 1593 ticine
399 1521 647 1591 murmuratione
682 1540 803 1605 quoque
833 1524 865 1586 et
893 1523 1018 1605 querele
1046 1539 1101 1588 nos
1124 1522 1199 1586 deus
1227 1523 1333 1588 noster
1362 1537 1472 1588 essem

302 1629 470 1715 praecepit.
508 1627 632 1710 quando
659 1625 736 1691 haec
763 1626 797 1690 in
827 1626 963 1691 humano
991 1644 1102 1711 genere
1130 1643 1192 1692 non
1218 1626 1365 1692 fuerunt?
1404 1624 1435 1690 si

303 1733 408 1797 aestus
431 1733 495 1810 est,
526 1729 564 1794 oe
587 1729 733 1795 ariditate
755 1747 935 1809 oneremur,
963 1731 991 1794 si
1013 1728 1137 1814 pluuia,
1161 1729 1198 1794 de
1227 1731 1434 1796 inundatione

303 1832 536 1916 conquerimur:
560 1833 587 1897 si
609 1831 805 1898 infecundior
821 1852 921 1898 annus
936 1837 993 1912 est,
1018 1851 1201 1900 accusamus
1216 1833 1432 1912 sterilitatem,

304 1936 333 2002 si
346 1935 518 2018 fecundior,
534 1933 700 2000 uilitatem.
718 1935 850 2018 adipisci
865 1935 1088 2002 abundantiam
1100 1936 1243 2018 cupimus
1254 1939 1287 2002 et
1301 1938 1435 2002 eandem

304 2037 410 2121 adepti
432 2055 624 2103 accuramus.
663 2038 739 2121 quid
762 2039 822 2104 dici
844 2037 903 2104 hac
923 2057 957 2103 re
979 2040 1149 2121 improbius
1172 2039 1246 2122 quid
1268 2043 1472 2104 contume-rc

303 2143 412 2209 liosius
440 2143 566 2224 potest?
603 2141 699 2207 etiam
727 2143 761 2208 in
788 2142 846 2207 hoc
873 2143 912 2208 de
941 2143 1156 2209 misericordia
1184 2143 1233 2209 dei
1261 2144 1434 2225 querimur,

251 2245 378 2329 37quia
400 2245 521 2311 tribuat
542 2246 623 2330 quod
645 2263 801 2326 rogamus.
825 2246 932 2312 abesse
955 2264 974 2311 a
992 2246 1090 2311 seruis
1113 2247 1178 2311 suis
1199 2263 1289 2311 omne
1305 2245 1434 2311 omniuo

304 2350 398 2414 etiam
427 2333 588 2414 oculorum
611 2349 791 2414 scandalum
812 2349 887 2416 deus
907 2349 1075 2433 praecepit,
1108 2349 1139 2414 et
1160 2351 1244 2433 ideo,
1273 2348 1305 2413 si
1328 2348 1434 2432 quis,

303 2453 423 2536 inquit,
452 2453 604 2519 uiderit
630 2452 837 2518 mulierem
867 2453 911 2519 ad
941 2452 1315 2535 concupiscendum,
1350 2451 1436 2516 iam

256 2589 260 2594 ·
303 2557 532 2621 moechatus
556 2556 615 2620 est
636 2573 717 2620 eam
738 2556 778 2620 in
802 2555 915 2622 corde
937 2573 1015 2620 suo.
1039 2555 1113 2620 hinc
1133 2557 1316 2638 intellegere
1338 2555 1476 2637 plouero‘

304 2675 468 2742 possumus
495 2677 590 2740 quam
619 2664 720 2723 castos
747 2676 804 2723 nos
834 2677 900 2724 esse
921 2659 1061 2724 salrator
1087 2660 1229 2743 iusserit,
1257 2659 1309 2742 qui
1335 2659 1435 2724 etiam

304 2761 465 2827 licentiam
493 2761 622 2826 uisionir
656 2761 798 2827 abscidit.
842 2763 940 2828 cuens
974 2762 1058 2826 enim
1091 2763 1245 2827 fenestras
1278 2762 1434 2844 quodam-

302 2863 395 2929 modo
417 2881 485 2929 esse
505 2867 683 2929 nostrarum
705 2863 860 2929 montium
882 2865 987 2928 lumen
1011 2865 1171 2930 oculorum
1194 2867 1226 2929 et
1240 2881 1347 2930 omnes
1369 2863 1433 2932 im-

303 2968 416 3049 probas
440 2966 628 3047 cupiditates
650 2967 682 3030 in
706 2985 758 3033 cor
779 2986 835 3050 per
857 2968 961 3033 oculos
984 2968 1072 3051 quasi
1095 2986 1148 3050 per
1166 2971 1325 3034 naturales
1341 2970 1433 3034 cuni·

305 3070 390 3136 culos
418 3068 564 3147 introire,
594 3067 774 3152 extinguere
804 3087 855 3134 eas
883 3071 1007 3153 penitus
1029 3071 1105 3136 foris
1132 3071 1247 3148 uoluit,
1277 3093 1315 3138 ne
1342 3073 1472 3140 intusne

306 3174 461 3240 orirentur
483 3175 516 3240 et
535 3174 675 3241 letaliter
697 3177 905 3241 crescentibus
928 3175 1017 3239 fibris
1032 3175 1282 3242 conualescerent
1295 3176 1433 3245 fortasse

252 3275 339 3342 38in
360 3279 471 3356 anima,
495 3279 523 3343 si
544 3276 773 3362 germinassent
793 3278 826 3342 in
848 3278 929 3343 uisu.
956 3278 1074 3343 idcirco
1096 3279 1201 3366 itaque
1223 3279 1267 3342 ait
1283 3278 1434 3346 dominus

405 3479 536 3550 4Ephes.
555 3482 580 3550 4,
598 3483 630 3538 31
736 3483 770 3538 10
786 3483 892 3540 Phila
997 3485 1028 3538 18
1047 3484 1145 3539 electu.
1164 3485 1189 3546 5.
1206 3484 1241 3540 28

356 3653 370 3706 l
390 3653 433 3706 cui
450 3653 477 3706 A
494 3670 528 3707 m,
547 3656 567 3709 2
584 3670 605 3708 ι.
623 3653 641 3708 ι.
744 3669 815 3723 pune
832 3653 861 3708 A
879 3659 977 3724 pauo.
996 3671 1010 3706 e
1029 3654 1068 3710 lit.
1089 3659 1115 3708 et
1131 3670 1153 3709 e.
1171 3671 1221 3709 scr.
1240 3655 1265 3708 it
1282 3670 1316 3709 m.
1336 3656 1356 3708 2
1382 3670 1436 3724 pu-

303 3737 360 3792 niet
381 3739 410 3794 Β
434 3739 508 3807 (dem
529 3739 593 3794 ιιι
615 3738 663 3794 sect
684 3745 751 3796 mat.
768 3739 800 3794 ta
817 3739 899 3810 punit
924 3739 1120 3810 Braestccnae)
1225 3757 1312 3796 eom.
1334 3741 1362 3795 Β

303 3824 321 3878 2
346 3823 457 3880 delirare
479 3841 514 3881 ccc
537 3824 654 3880 delerare
670 3825 699 3879 A
716 3841 787 3881 corr.
804 3825 849 3882 hic
867 3831 894 3881 et
908 3827 997 3896 poulo
1010 3832 1075 3896 poet
1091 3843 1125 3880 m.
1144 3828 1164 3881 2
1265 3827 1283 3882 8
1307 3825 1435 3882 cordibus

303 3913 403 3966 nostris
421 3911 450 3966 Β
465 3963 467 3971 ,
553 3912 587 3966 13
606 3911 776 3981 conqueritur
794 3928 828 3967 erc
846 3911 1034 3981 conquerimur
1052 3914 1079 3967 A
1097 3929 1166 3968 corr.
1185 3929 1219 3967 m.
1237 3916 1264 3980 2,
1290 3914 1357 3967 item
1376 3915 1435 3968 ste-

298 3984 436 4051 ¹rilitatem
454 4013 488 4054 ec
505 3997 681 4053 sterelitatem
784 3997 818 4052 14
841 3997 950 4051 uilitate
973 3997 1002 4052 A
1105 3998 1138 4052 16
1161 3999 1251 4068 potest
1274 4014 1307 4054 cc
1323 4000 1384 4068 post
1401 3999 1434 4056 A

304 4097 375 4137 corr.
393 4099 427 4138 m.
445 4087 462 4138 1
564 4083 715 4152 quaerimur
732 4081 760 4138 Β
778 4088 804 4138 ιι
821 4088 948 4152 apucct.
966 4084 995 4139 A
1097 4084 1132 4138 20
1152 4086 1270 4153 metatus
1291 4083 1359 4151 (stac
1376 4089 1435 4152 est)

303 4167 463 4225 Boal'
521 4167 1024 4224 250isBctim.2mat.a'aaA
1126 4161 1361 4225 2tlotaaliterA

298 4251 379 4307 'fibris
406 4269 440 4309 ca
464 4253 547 4309 febris
572 4255 600 4309 A
623 4269 693 4310 corr.
712 4271 745 4309 aa
765 4257 786 4309 2
889 4255 1085 4310 concalesceret
1111 4253 1140 4308 Β
1159 4259 1236 4324 ’(ιιιιι
1253 4257 1281 4308 A
1304 4261 1338 4310 at
1354 4256 1435 4325 apccd

302 4339 401 4409 Halm)
503 4341 538 4395 27
555 4341 645 4396 animo
663 4340 692 4394 Β
795 4340 953 4409 geminare&
971 4342 998 4394 A
1101 4341 1136 4396 28
1152 4341 1231 4396 noxia
1247 4341 1276 4396 Β
