3068 5012
276 413 338 480 256
763 408 920 464 Saluiani

276 600 362 666 bant.
400 603 434 664 et
456 599 529 682 quid
551 601 664 684 plura?
686 598 782 664 etiam
806 597 967 662 emicuisse
990 599 1022 662 in
1045 598 1089 661 eis
1107 596 1254 678 quiddam
1277 597 1407 663 luminis

226 702 268 768 34
277 703 363 785 puto.
401 721 471 769 cnm
500 703 585 769 euim
612 706 708 786 ipsae,
737 705 779 767 ut
808 701 952 784 legimus,
989 701 1211 782 extinguendas
1233 701 1300 766 fore
1322 702 1406 766 lam-

277 810 372 890 padas
410 825 483 872 suas
519 805 766 882 reformidaniut,
801 805 960 869 habehant
997 805 1135 888 profecto
1172 805 1291 887 aliquid
1324 804 1407 887 quod

276 911 464 979 uerebantur
497 911 646 995 extingui.
684 929 740 976 nco
769 910 850 976 falsa
876 909 979 992 opinio
1009 911 1217 975 metuentium
1245 911 1320 977 init:
1354 929 1407 975 ex-

277 1016 395 1080 tinctae
422 1015 576 1098 siquidem
602 1017 637 1080 et
666 1015 848 1079 obcaecatae
876 1016 959 1078 sunt.
996 1013 1076 1078 nihil
1105 1015 1189 1079 enim
1216 1012 1336 1096 profuit
1356 1012 1406 1076 illi
1432 1037 1446 1074 a

277 1116 456 1200 integritati
484 1117 565 1200 qnod
587 1119 620 1180 in
644 1135 679 1182 ea
701 1118 809 1182 lumen
832 1115 1026 1198 uirginitatis
1050 1117 1206 1200 apparuit,
1236 1116 1310 1198 quia
1332 1113 1408 1180 sub·

277 1221 395 1287 stantia
417 1220 476 1286 olei
499 1237 561 1285 non
583 1218 805 1304 suppeditante
827 1218 949 1283 defecit.
987 1238 1023 1283 ex
1046 1236 1106 1301 quo
1128 1219 1340 1302 intellegimus
1362 1219 1406 1298 id,

277 1324 358 1406 quod
381 1341 493 1406 parum
516 1326 572 1402 est,
596 1323 685 1405 quasi
707 1323 789 1386 nihil
812 1341 894 1388 esse:
918 1324 991 1404 quia
1013 1339 1076 1388 non
1093 1322 1169 1386 satis
1184 1324 1310 1403 prodest
1332 1322 1405 1386 ilico

277 1427 522 1510 extinguendum
554 1427 660 1492 lumen
693 1427 819 1491 accendi
848 1445 904 1491 nec
936 1426 1026 1491 iuuat
1053 1425 1173 1508 aliquid
1202 1425 1406 1504 inlucescere,

268 1534 357 1613 -qued
385 1532 419 1595 in
449 1531 517 1613 ipso
551 1531 620 1596 ortu
653 1528 770 1595 habeat
798 1547 950 1610 oceasum,
985 1532 1017 1594 at
1048 1532 1087 1594 ad
1109 1530 1168 1593 hoc
1189 1531 1446 1595 tantummodum

276 1633 403 1699 initium
432 1635 545 1699 hahere
573 1633 719 1710 uiuentis,
751 1635 788 1696 ut
816 1633 916 1714 possit
943 1631 1072 1698 initium
1099 1631 1214 1698 habere
1235 1630 1407 1697 morientis.

226 1741 267 1808 35
277 1738 369 1820 plena
390 1737 497 1818 itaque
519 1736 645 1801 lucerna
667 1753 744 1817 opus
761 1738 818 1813 est,
842 1736 880 1799 ut
893 1735 1001 1800 lumen
1016 1735 1115 1822 possit
1130 1751 1197 1799 esse
1213 1734 1407 1799 diuturnum.

278 1859 350 1904 nam
378 1841 406 1904 ιι
433 1840 466 1903 in
499 1837 621 1920 lychnis
655 1837 743 1922 ipsis,
778 1837 892 1921 quibus
922 1837 962 1902 ad
990 1837 1083 1902 breue
1116 1841 1239 1920 tempus
1273 1841 1409 1901 utuntur

277 1946 430 2022 homines,
460 1942 637 2025 languescit
665 1943 772 2008 lumen
797 1961 833 2006 ac
855 1943 968 2020 deficit,
992 1942 1054 2008 niri
1076 1944 1179 2007 oleum
1201 1943 1288 2024 large
1311 1941 1409 2004 fuerit

278 2047 427 2126 inlusum,
461 2050 580 2129 quanta
611 2044 681 2125 tibi,
716 2063 928 2128 quaecumque
956 2045 1013 2110 illa
1042 2063 1085 2122 es,
1120 2049 1237 2128 quanta
1262 2044 1324 2109 tibi
1347 2045 1446 2116 cleiis

278 2151 468 2217 abundantia
502 2169 577 2232 opus
612 2151 669 2227 est,
704 2155 740 2214 ut
774 2149 901 2215 lucerna
933 2152 989 2214 tua
1022 2149 1127 2216 luceat
1159 2152 1192 2213 iu
1220 2151 1408 2214 aeternum?

278 2255 397 2320 nemini
418 2255 525 2336 itaque
546 2254 585 2318 ad
608 2253 708 2317 uitam
730 2270 898 2335 perennem
920 2253 971 2318 sat
993 2256 1050 2327 est,
1074 2252 1101 2316 ιι
1124 2255 1215 2334 putet
1237 2271 1269 2317 se
1292 2251 1408 2318 habere

278 2359 360 2441 quod
396 2374 456 2422 non
493 2356 605 2434 hubet3
644 2357 762 2421 stultae
799 2356 882 2420 enim
918 2355 1185 2439 praesumptiones
1222 2355 1409 2438 perditionis

279 2478 388 2526 causae
421 2463 495 2524 sunt
529 2477 591 2524 non
624 2459 753 2524 salutis:
786 2476 872 2523 nam
906 2459 974 2541 qui
1009 2478 1060 2539 se,
1098 2459 1202 2541 inquit
1236 2457 1407 2541 apostolus,

279 2563 487 2629 existimat
521 2581 606 2628 esse
640 2561 811 2645 aliquid,
845 2581 932 2628 oum
966 2562 1069 2628 nihil
1104 2563 1174 2646 sit,
1208 2581 1247 2627 se
1280 2563 1447 2644 ipsumao

226 2667 445 2734 36sedueit.
483 2665 544 2732 nisi
567 2666 647 2730 forte
670 2666 739 2746 tibi,
762 2685 976 2750 quaecumque
999 2669 1056 2733 illa
1079 2687 1121 2746 es,
1144 2667 1301 2732 rauciacus
1317 2683 1336 2730 a
1351 2667 1409 2730 deo

278 2771 388 2835 modos
417 2769 460 2834 sit
488 2767 647 2853 largitatis
669 2771 701 2833 et
723 2770 931 2852 praescriptos
953 2787 972 2833 a
993 2771 1107 2852 spiritu
1134 2773 1243 2836 sancto
1272 2769 1410 2834 donandi

278 2875 427 2939 terminos
442 2872 568 2956 habeas,
587 2889 662 2954 quos
679 2873 785 2936 excedi
800 2873 963 2954 piaculum
978 2876 1079 2954 putes,
1102 2891 1138 2938 ae
1153 2873 1408 2957 transgressionis

278 2979 502 3059 quodammodo
532 2993 630 3058 genus
658 2975 787 3057 iudices,
817 2978 843 3041 si
865 2976 1040 3060 religiosior
1069 2976 1164 3042 fueris
1192 2995 1287 3059 quam
1310 2995 1328 3041 a
1351 2977 1408 3040 deo

279 3098 345 3145 esse
367 3079 511 3144 iubearis.
549 3078 577 3143 si
599 3078 647 3144 ita
669 3079 726 3157 est,
757 3096 818 3143 non
841 3079 988 3162 prohibeo
1018 3083 1092 3162 quin
1115 3081 1213 3145 utaris
1234 3079 1367 3145 scientia
1390 3098 1445 3144 aaa

279 3182 446 3249 diuinitate
469 3197 624 3247 concessa.
655 3181 762 3264 quodsi
785 3183 853 3246 tam
868 3182 983 3248 falsum
1000 3184 1048 3248 est
1063 3183 1121 3249 hoo
1135 3201 1228 3267 quam
1244 3182 1408 3262 friuolum,

280 3303 359 3368 quae
381 3285 505 3352 insania
528 3288 585 3361 est,
609 3287 646 3350 ut
668 3303 728 3350 nou
751 3288 868 3367 quanta
889 3291 977 3368 potes
992 3288 1118 3353 omniuo
1142 3286 1239 3352 facias
1257 3303 1311 3367 per
1333 3303 1407 3352 oau-

280 3392 347 3454 tam
370 3392 401 3453 at
422 3387 569 3454 timidam
597 3387 818 3469 pronissimam,
848 3407 919 3453 cum
947 3390 1072 3472 ignores
1101 3391 1225 3471 penitus
1248 3389 1322 3471 quid
1346 3388 1409 3452 tihi

280 3491 425 3574 conpetat
447 3491 486 3557 ad
509 3491 666 3558 salutem?

384 3661 416 3714 19
439 3660 499 3715 aar.
518 3659 543 3728 e,
561 3661 577 3714 3

330 3818 408 3873 hilli
426 3834 461 3873 aaa
479 3817 525 3872 ille
543 3833 612 3873 corr.
630 3835 664 3872 m.
683 3820 704 3872 2
721 3817 748 3871 Β
847 3816 1039 3886 dsubstantiq
1057 3817 1084 3871 Β
1184 3816 1410 3886 isubpeditante

279 3906 305 3960 B
329 3907 371 3974 (ira
388 3907 416 3960 A
433 3923 468 3961 m.
485 3909 505 3960 2
527 3904 658 3974 suppedit.
686 3909 748 3959 ante
772 3904 869 3960 defecit
889 3906 1010 3960 mutauit
1032 3906 1065 3960 ιιι
1087 3904 1192 3959 suffecit
1215 3905 1262 3959 sed
1283 3909 1346 3959 ante
1363 3905 1408 3959 de-

279 3993 355 4062 fecit)
460 3991 576 4048 8illioo
603 3993 631 4045 Δ
734 3991 936 4045 9inluoassere
959 3992 986 4046 Β
1091 3991 1124 4046 10
1151 4007 1288 4046 occassum
1310 3992 1338 4044 A

281 4081 310 4134 11
329 4079 434 4148 possInt
453 4078 508 4132 AB
564 4103 567 4110 ·
611 4078 643 4132 13
661 4077 773 4147 lyghnia
791 4074 873 4132 ΑΒ
950 4079 983 4132 14
1001 4077 1097 4132 deiecit
1115 4077 1171 4132 AB
1274 4077 1408 4132 liesca

278 4181 334 4219 esse
351 4181 420 4222 corr.
439 4181 473 4218 m.
491 4167 512 4219 ι
529 4164 557 4218 Β
659 4163 694 4217 24
716 4163 817 4218 iudices
835 4163 888 4233 hp:
915 4163 1015 4218 iudices
1033 4164 1181 4218 scinditis
1199 4179 1269 4219 corr.
1288 4180 1322 4218 m.
1341 4165 1361 4218 ι
1379 4163 1406 4217 Β

279 4253 383 4306 iudicas
409 4266 442 4306 ea
468 4250 565 4306 iudicis
588 4266 658 4305 corr.
677 4253 749 4306 Μ
774 4252 801 4304 Α
905 4249 938 4305 26
964 4251 1090 4306 friuolam
1119 4267 1152 4304 cx
1177 4249 1308 4305 irinulum
1336 4265 1407 4305 corr.

279 4354 314 4392 m.
332 4340 353 4391 2
370 4338 425 4391 ΑΒ
