2972 5000
253 379 296 446 40
492 375 648 430 Saluiani
666 375 702 429 de
719 375 857 444 gubern.
875 375 929 428 dei
948 375 978 430 11
994 377 1011 443 ξ
1029 375 1139 429 26-28.

255 565 444 633 conscientia
471 563 569 631 bonae
597 583 705 631 causae
737 583 798 630 non
833 566 900 630 tarn
929 565 1112 648 suffragium
1140 563 1257 629 domini
1285 582 1380 645 quam
1466 566 1468 642 l

140 653 145 662 ¹
253 669 404 736 iudioium
425 669 613 752 depreeatur,
630 671 703 751 quia
718 669 816 734 bonae
831 687 943 734 causae
957 668 1112 750 optimum
1127 685 1248 750 semper
1262 667 1380 732 suffra·
1467 661 1469 740 i

253 775 341 857 giurn
361 770 522 851 tribuitur,
546 771 572 836 si
597 789 668 836 eum
690 771 811 837 iustitia
825 771 992 836 iudieetur.
1022 771 1099 836 alibi
1114 788 1235 852 quoque
1251 771 1379 834 euideu-
1469 792 1470 848 p

200 875 391 946 artissime:
422 875 571 956 iudiea,
601 874 769 954 domine,
799 878 989 940 nocentes
1017 892 1087 946 me,
1116 892 1295 956 expugna
1322 875 1379 938 in·
1469 865 1471 960 p

253 979 474 1063 pugnantes
503 998 573 1043 me:
603 978 853 1060 adprehende
881 997 985 1045 arma
1011 981 1048 1042 et
1079 979 1233 1042 sontum
1262 981 1298 1042 et
1321 996 1418 1041 err-s
1471 1016 1472 1064 ,

253 1099 374 1166 surge
400 1083 439 1146 in
474 1082 715 1147 adiutorium
749 1082 854 1146 mihi.
900 1083 985 1147 uides
1014 1082 1110 1147 etiam
1139 1081 1196 1145 hoe
1223 1081 1290 1145 loeo
1317 1099 1379 1146 nou
1472 1130 1473 1164 ,

252 1185 353 1250 futuri
382 1185 530 1250 examinis
559 1186 760 1251 seueritatem
788 1187 839 1250 sed
873 1202 1039 1250 sensuram
1066 1184 1236 1267 praesentis
1268 1183 1378 1248 iudicii
1473 1242 1474 1258 ,

252 1288 414 1370 postulari.
437 1288 496 1353 hoe
510 1288 558 1353 est
581 1289 664 1353 enim
679 1288 759 1353 illud
781 1289 862 1370 quod
885 1288 945 1353 ait:
968 1282 1176 1370 ‘adprehende
1198 1288 1320 1352 scutum
1344 1288 1378 1351 et

204 1469 207 1474 Ι
253 1392 356 1472 arripe
379 1379 547 1473 gladium',
577 1394 702 1456 scutum
725 1392 843 1456 seilicet
865 1394 903 1456 ad
926 1391 1148 1474 protectionem
1176 1388 1316 1472 gladium
1338 1393 1378 1456 ad
1475 1475 1476 1482 ἵ

154 1486 157 1502 “
251 1490 421 1556 ultionem:
453 1509 513 1555 non
544 1494 615 1574 quia
643 1490 701 1555 hoo
729 1491 870 1556 iudieans
899 1491 975 1556 deus
1003 1492 1093 1574 egeat
1115 1493 1281 1574 apparatu,
1311 1493 1417 1572 sadra

252 1595 324 1676 quia
346 1595 379 1657 in
400 1593 458 1658 hoe
479 1595 601 1659 saeeulo
621 1593 699 1658 haee
715 1594 906 1659 terribilium
929 1612 1033 1659 rerum
1048 1593 1174 1659 nomina
1188 1595 1378 1660 terribilium
1476 1583 1477 1588 ’

252 1694 437 1761 indiciorum
473 1698 547 1761 sunt
581 1696 812 1775 instrumenta,
850 1697 889 1762 ad
924 1697 1094 1762 humanam
1128 1697 1375 1780 intellegentiam

251 1798 459 1864 humanarum
481 1817 586 1865 rerum
608 1798 886 1883 significationibus
903 1799 1056 1885 iuquam,
1086 1799 1159 1881 quia
1185 1800 1317 1865 iudicari
1339 1819 1375 1866 ae

250 1901 403 1967 uindicari
425 1921 457 1966 se
480 1901 517 1966 de
538 1902 723 1967 aduersariis
755 1900 901 1983 preeabat
902 1921 955 1980 ur,
989 1921 1045 1984 per
1072 1903 1121 1966 ins
1122 1906 1281 1967 tramenta
1311 1907 1374 1968 ter·

217 2022 342 2069 ranae
370 2006 461 2070 istius
490 2005 619 2070 ultionis
647 2006 713 2069 uim
741 2006 864 2071 diuinae
898 2006 1178 2070 animaduersionis
1214 2006 1374 2087 expressit.
1385 2031 1415 2071 15

198 2106 382 2188 radentque
405 2107 480 2172 alibi
502 2109 652 2191 propheta
674 2109 773 2187 idem,
803 2109 878 2190 quid
908 2110 990 2172 inter
1012 2127 1158 2190 praesens
1181 2112 1212 2172 et
1234 2109 1376 2174 futurum
1413 2133 1425 2146 ·

251 2207 403 2275 iuditium
425 2211 474 2276 dei
497 2213 585 2294 esset,
610 2216 659 2277 ost
645 2211 757 2278 tendit.
789 2212 863 2294 quid
886 2212 971 2277 enim
994 2211 1031 2277 de
1055 2230 1185 2276 eensuru
1206 2213 1376 2294 praesentis

250 2314 401 2378 examinis
425 2315 501 2380 dioit
525 2311 768 2380 ad'dominum?
812 2316 924 2380 sedes
947 2335 1067 2398 super
1089 2315 1287 2398 thronum,
1312 2315 1376 2398 qui

249 2415 407 2482 iudieas
431 2418 685 2500 aequitatem.
711 2420 785 2501 quid
809 2422 915 2484 autem
937 2419 975 2484 de
998 2419 1104 2484 futuro
1126 2419 1176 2484 dei
1192 2420 1376 2502 aeternoque

250 2519 387 2586 iudicio?
409 2523 627 2604 iudicabit,
649 2521 768 2604 inquit,
792 2523 924 2587 orbem
945 2524 1078 2587 terrae
1101 2521 1138 2586 in
1163 2522 1414 2604 aequitatem

250 2623 429 2689 etiterum:
452 2624 652 2692 iudicabit
674 2627 839 2709 populos
864 2626 1139 2691 oumiustitia.
1161 2624 1238 2707 ipsis
1254 2625 1376 2690 scilieet

250 2725 353 2789 uerbis
376 2728 547 2807 praesentis
576 2727 726 2809 temporis
756 2729 789 2792 et
809 2728 910 2794 futuri
932 2730 1057 2812 tempus
1083 2728 1193 2794 iudioii
1214 2729 1376 2810 utriusque

251 2827 403 2892 distinxit.
422 2831 458 2893 ut
473 2829 556 2910 enim
572 2848 716 2912 praesens
731 2830 882 2897 iudieium
897 2831 1083 2907 ostenderet,
1101 2820 1239 2897 ‘iudieas'
1255 2830 1375 2914 posuit:

249 2932 286 2994 ut
313 2931 418 2995 autem
446 2932 588 2998 futurum
618 2933 825 3016 distingueret
851 2953 869 2998 a
897 2934 1070 3015 praesenti,
1106 2935 1240 3000 subiecit
1268 2938 1376 3016 postea

249 3021 435 3100 tiudicabit'.
480 3035 556 3101 haee
583 3036 681 3119 igitur
705 3037 742 3101 de
770 3053 844 3102 eura
866 3056 940 3120 erga
963 3057 1025 3104 nos
1041 3039 1091 3102 dei
1113 3041 1145 3102 et
1167 3036 1411 3120 gubernaculum

248 3135 282 3203 et
313 3137 428 3203 iudicio
461 3139 583 3204 ratione
616 3139 765 3222 exemplis
796 3140 984 3205 testimoniis
1020 3141 1165 3222 probasse
1203 3141 1281 3205 satis
1315 3144 1374 3218 est,

248 3241 382 3306 maxime
404 3241 479 3325 quia
500 3242 607 3323 etiam,
632 3261 709 3325 quae
724 3246 793 3325 pest
808 3244 866 3309 hoo
887 3247 1032 3310 secutura
1047 3246 1131 3321 sunt,
1157 3244 1197 3308 ad
1218 3243 1250 3308 id
1272 3244 1375 3324 ipsum

248 3344 352 3408 omnia
379 3345 592 3426 pertinebunt.
636 3365 719 3412 nuno
741 3347 769 3413 si
792 3367 811 3414 a
832 3352 904 3426 deo,
935 3349 1021 3412 euius
1049 3347 1210 3430 negotium
1239 3346 1373 3432 agimus,

248 3446 330 3511 uires
352 3449 391 3512 ad
413 3450 568 3532 agendum
593 3450 809 3532 acceperimus,
835 3468 871 3516 aa
894 3469 973 3533 quae
989 3455 1095 3516 eontra
1110 3451 1186 3516 haee
1202 3449 1240 3513 ab
1264 3452 1373 3513 aduer-

247 3548 338 3615 sariis
362 3548 424 3614 dici
445 3550 562 3630 solent,
593 3554 626 3616 et
647 3551 784 3635 proferre
808 3552 904 3618 simul
926 3554 958 3617 et
979 3553 1117 3617 refutare
1140 3552 1411 3634 temptabimusao

349 3734 455 3792 5Psa1.
474 3735 517 3801 34,
537 3736 551 3790 1
656 3736 688 3792 19
707 3737 778 3792 Psoi.
796 3737 822 3803 9,
839 3737 855 3791 5
959 3725 994 3790 22
1011 3737 1083 3791 Psal.
1102 3737 1144 3803 95,
1164 3737 1197 3792 13

297 3905 504 3964 3tribneturB
605 3907 736 3976 9oorripe
749 3909 776 3962 B
881 3907 915 3962 12
926 3907 1137 3976 intelligentiam
1148 3909 1198 3963 boe
1209 3908 1265 3961 loeo
1278 3907 1306 3960 A

244 3991 280 4046 24
302 3993 487 4062 praesentibus
510 3993 538 4049 B
639 3994 673 4046 26
696 3994 765 4049 satis
782 3997 825 4048 est
842 3994 968 4062 probasse
991 3995 1019 4048 B
1123 3995 1158 4048 30
1176 3999 1240 4062 post
1257 3995 1373 4060 tempta·

245 4079 335 4134 bimus
358 4081 483 4138 additam
505 4085 544 4136 eet
568 4081 599 4134 a'a
622 4080 689 4136 AB:
716 4093 847 4135 urrerem
870 4095 954 4134 urana
977 4095 1127 4137 sueonum.
1156 4095 1265 4135 morrru
1287 4093 1374 4134 umnn

244 4179 364 4220 ussurus
384 4168 494 4232 (terrim
512 4168 561 4236 B).
