3068 5012
752 381 908 437 Saluiani

646 658 876 742 crissoni
909 658 1006 742 vill.

233 867 249 931 1
283 868 444 933 Domino
468 870 505 933 et
527 867 631 933 dulci
654 886 719 934 suo
737 867 927 932 Eucherio
951 867 1133 949 episcopo
1152 865 1368 931 Saluianus.

304 989 379 1072 Legi
402 988 504 1065 libros
529 1007 605 1070 quos
628 988 843 1066 transmisisti,
875 987 948 1052 stilo
972 987 1082 1051 breues
1105 985 1245 1052 doctrina
1267 988 1388 1060 uberes,

260 1091 391 1156 lectione
415 1091 570 1173 expeditos
594 1093 799 1156 instructione
823 1090 986 1172 perfectos,
1009 1089 1109 1154 menti
1132 1091 1206 1152 tuae
1221 1091 1253 1153 et
1276 1088 1389 1170 pietati

260 1214 358 1278 pares.
393 1213 449 1259 nec
472 1196 577 1273 miror,
601 1196 770 1276 quodiam
793 1197 870 1259 utile
893 1213 929 1258 ac
952 1194 1117 1275 pulchrum
1137 1210 1212 1274 opus
1235 1195 1273 1256 ad
1296 1191 1388 1255 insti·
1412 1211 1426 1252 ⁵

260 1299 415 1363 tutionem
437 1297 635 1380 potissimum
659 1302 838 1362 sanatorum
854 1315 891 1362 ac
906 1296 1068 1360 beatorum
1091 1295 1258 1379 pignorum
1282 1295 1389 1359 eondi-

229 1400 344 1470 adisti.
380 1419 451 1465 cum
481 1401 565 1464 euim
595 1400 742 1464 eximium
765 1401 798 1463 iu
821 1401 866 1464 eis
897 1399 1050 1480 templum
1080 1399 1135 1462 deo
1166 1396 1386 1476 aedificaueris,

259 1506 399 1568 doctrina
430 1499 528 1568 nouae
556 1503 739 1569 eruditionis
767 1503 855 1587 quasi
888 1520 1046 1567 summum
1080 1501 1212 1566 aedificii
1244 1502 1292 1565 tui
1320 1500 1386 1564 cul-

256 1625 328 1671 men
359 1609 492 1686 ornasti,
527 1607 558 1670 et
591 1607 627 1670 ut
658 1607 777 1673 indoles
809 1609 933 1672 sanctae
967 1623 1061 1688 aeque
1090 1605 1230 1670 doctrina
1259 1622 1296 1670 ac
1317 1602 1386 1668 uita

258 1709 511 1786 inlustrarentur,
546 1729 621 1793 quos
654 1711 768 1775 morali
799 1710 997 1774 institutione
1029 1709 1219 1774 formaueras
1250 1707 1425 1790 spiritalior

258 1814 463 1877 instructione
486 1813 649 1877 decorasti.
681 1817 824 1896 superest
847 1814 883 1877 ut
898 1813 1041 1877 domiuus
1060 1813 1135 1876 deus
1158 1815 1274 1890 noster,
1299 1811 1386 1874 cuius

258 1914 337 1978 douo
362 1914 627 1978 admirandissimi
649 1915 776 1979 iuuenes
798 1914 878 1978 tales
901 1919 983 1993 sunt,
1007 1933 1096 1997 pares
1114 1933 1165 1978 eos
1180 1914 1276 1978 iaciat
1298 1913 1387 1977 libris

260 2019 334 2087 tuis,
359 2017 390 2080 id
414 2020 468 2092 est,
491 2017 528 2080 ut
549 2016 695 2099 quicquid
714 2017 762 2080 illi
779 2017 936 2082 continent
950 2018 982 2081 iu
1001 2019 1161 2100 mysterio,
1184 2017 1241 2081 hoc
1256 2018 1387 2096 uterque

257 2119 385 2183 illorum
419 2119 531 2184 habeat
561 2121 594 2183 in
624 2139 727 2185 sensu.
765 2121 797 2184 et
821 2121 894 2202 quia
915 2121 981 2184 iam
1014 2120 1244 2204 dispensatione
1280 2120 1388 2184 diuina

258 2223 351 2304 atque
374 2222 488 2287 iudicio
512 2225 607 2288 etiam
629 2221 772 2306 magistri
791 2223 993 2289 ecclesiarum
1009 2241 1074 2287 esse
1092 2227 1269 2304 coeperunt,
1292 2223 1425 2288 donetis

256 2325 314 2390 hoo
348 2325 564 2410 benignissimi
592 2327 642 2391 dei
670 2327 778 2408 pictas,
813 2329 849 2391 ut
877 2327 1022 2393 doctrina
1049 2326 1176 2391 illorum
1199 2325 1320 2391 fructus
1342 2325 1386 2390 sit

256 2430 458 2494 ecclesiarum
491 2432 521 2494 et
555 2433 629 2495 tuus
663 2431 864 2512 profectuque
898 2430 1159 2494 excellentissimo
1193 2434 1260 2493 tam
1293 2429 1386 2492 illum

256 2535 373 2609 ornent,
397 2551 415 2598 a
437 2551 497 2614 quo
521 2535 596 2597 sunt
619 2530 726 2616 geniti,
750 2551 843 2615 quam
866 2550 1009 2614 eosquos
1032 2533 1091 2614 ipsi
1106 2549 1163 2596 sua
1185 2530 1384 2595 institutione

255 2637 485 2718 generauerint.
524 2635 662 2719 mihique
692 2637 760 2719 hoc,
791 2637 851 2701 etsi
878 2654 939 2700 non
966 2637 1050 2700 inter
1079 2637 1194 2714 omnia,
1227 2638 1310 2698 certe
1333 2633 1385 2698 uel

254 2742 324 2821 post
357 2739 460 2805 omnia
488 2739 665 2804 misericors
690 2739 771 2813 deus
793 2739 923 2818 tribuat,
953 2742 988 2802 ut
1011 2738 1065 2820 qui
1087 2739 1215 2803 fuerunt
1238 2735 1421 2818 discipulieo

256 2844 411 2924 quondam
434 2845 505 2919 mei,
529 2843 593 2907 sint
615 2861 697 2908 nunc
712 2843 824 2908 cotidie
840 2844 978 2907 oratores
994 2844 1065 2908 mei.
1095 2845 1176 2919 nale,
1199 2842 1245 2906 mi
1260 2841 1384 2905 domine

255 2951 287 3010 et
310 2946 409 3011 dulcis
431 2965 527 3010 meus.

306 3204 319 3256 1
339 3202 429 3256 cartis
447 3202 606 3255 lectionibus
624 3202 710 3255 trium
727 3199 802 3255 codd.
821 3202 912 3254 Poros.
933 3201 1010 3269 apud
1027 3201 1171 3254 Halmium
1189 3202 1220 3254 io
1237 3201 1288 3256 loco
1301 3202 1383 3269 'epist

253 3287 402 3342 adiecimus
419 3289 545 3342 lectiones
563 3289 657 3356 coorti
675 3287 732 3342 cod.
751 3287 844 3341 Paris.
861 3304 889 3341 u.
907 3290 980 3343 2182
997 3286 1055 3355 (D),
1074 3288 1250 3355 quietiorem
1267 3306 1295 3342 n.
1313 3291 1383 3342 1791

253 3379 286 3427 ut
309 3374 418 3440 topimcc
442 3380 523 3428 actae
545 3380 570 3427 ct
588 3375 666 3427 citios
682 3375 811 3427 scatentis
828 3374 966 3427 omisimus
1069 3375 1100 3426 irc
1117 3373 1151 3456 111
1164 3375 1245 3430 miser.
1264 3381 1317 3429 est:
1338 3375 1383 3429 In-

253 3458 320 3526 cipit
343 3459 456 3526 epistolc
480 3459 553 3512 beati
577 3459 698 3513 Saluiani
721 3458 756 3513 ad
780 3462 900 3513 sanctum
925 3461 1085 3513 Eucherium
1103 3460 1311 3529 Lugdunensem
1330 3461 1382 3529 epi·

253 3559 359 3613 scopum
462 3545 621 3599 2Demino
649 3546 747 3600 crasi
773 3547 812 3600 lit.
837 3547 864 3600 A
968 3547 1040 3600 dulci
1065 3563 1112 3600 suo
1130 3546 1198 3602 AD:
1228 3547 1383 3601 dulcissimo

252 3631 319 3696 1303
347 3631 398 3698 cfr.
412 3637 566 3700 postremas
583 3632 713 3701 epistolae
731 3648 811 3687 uoces
912 3633 1055 3686 Saluianus
1074 3632 1130 3686 AD
1138 3621 1153 3685 ι’
1172 3632 1293 3686 silnanus
1313 3649 1382 3701 pres·

252 3718 330 3786 byter
348 3717 400 3772 BG
416 3717 749 3788 (VeranusPartc.1791)
846 3720 862 3773 3
880 3720 966 3773 obiter
984 3734 1077 3774 roseco
1094 3720 1127 3772 ic
1144 3719 1202 3773 cod.
1222 3719 1383 3773 Sessortaoo

251 3809 318 3858 teste
335 3801 578 3870 ARec'fferechee'd:
603 3805 686 3870 (Btbt.
702 3809 820 3873 patum
836 3806 883 3860 lot.
903 3806 962 3872 Ip.
982 3807 1043 3872 141)
1063 3810 1128 3872 post
1150 3805 1232 3857 libros
1254 3791 1383 3858 additam

253 3905 309 3943 esec
335 3892 405 3953 tuos,
434 3895 459 3944 et
479 3890 593 3944 cuodcm
619 3891 719 3944 tabem
736 3895 799 3946 oo?
825 3890 953 3946 Siluanus
972 3891 1110 3960 presbyter
1213 3891 1229 3944 6
1256 3891 1383 3944 beatissi-

251 3991 356 4030 morum
376 3977 403 4030 B
502 3976 688 4031 selectorum
707 3977 851 4046 pignorum
869 3993 919 4031 om.
943 3977 966 4032 0
1067 3978 1083 4030 1
1101 3977 1242 4031 crsimirm
1260 3977 1315 4032 ΒΟ

251 4060 394 4116 9indcles
418 4066 546 4131 setasque
569 4064 597 4115 A
701 4061 929 4116 resuscitatione
952 4062 982 4116 D
998 4079 1033 4116 m.
1053 4065 1072 4116 2
1090 4078 1112 4118 s.
1130 4062 1147 4114 l.
1253 4060 1286 4114 12
1312 4060 1386 4114 dono.

251 4147 321 4200 AD:
342 4147 411 4202 dona
428 4148 483 4203 Bc
574 4148 605 4201 15
624 4149 732 4217 ecclesie
749 4148 780 4202 D
819 4173 822 4184 ·
867 4150 900 4203 16
918 4147 1111 4216 benignissima
1128 4147 1187 4201 BD
1275 4147 1305 4200 11
1324 4161 1381 4214 pro-

251 4235 325 4288 fectu
343 4249 395 4304 que
408 4234 436 4291 ,0
460 4234 587 4302 prouectu
605 4235 632 4288 B
737 4233 772 4288 20
790 4233 891 4288 fuerint
910 4235 964 4290 Bc
1066 4233 1237 4302 211quotloie
1254 4234 1280 4286 A
