3036 5004
453 399 491 452 da
509 397 646 468 gubern.
662 397 715 452 dei
733 398 772 453 VI
789 403 804 462 ἐ
820 397 932 453 45-52.
1193 397 1273 496 139(

129 589 508 670 concupiscendum,
530 605 619 652 rens
635 588 695 652 est
715 586 905 651 adulterii
927 589 1042 654 eorde
1063 588 1252 668 concepti,

127 691 311 776 intellegere
341 707 505 774 possumus
532 689 625 772 quod,
653 688 778 756 etmmsi
804 708 854 754 ree
876 693 982 772 tuapte
1005 692 1098 772 atque
1121 691 1252 757 damna·

127 795 209 860 biles
239 793 421 860 nmoesitats
443 811 505 858 non
529 792 663 876 agimus,
691 810 746 875 pro
764 791 838 874 ipsa
859 792 964 860 tamen
986 809 1090 858 rerum
1111 792 1253 874 turpium

126 897 294 963 uoluntate
327 897 521 961 damnamm.
556 900 591 960 st
623 896 698 978 qnid
730 896 831 962 dicam
860 895 897 962 de
927 894 1110 962 uoluntate?
1146 911 1253 964 omnes

85 1001 206 1066 ebuso
227 1000 336 1078 forms,
360 1016 431 1064 aum
451 1003 592 1081 possunt,
621 999 730 1081 agunt.
768 999 900 1080 donique
922 997 1090 1066 cuiuslibet
1112 996 1252 1065 ciuitatis

125 1105 245 1168 incolae
266 1103 450 1170 mennam
477 1105 533 1168 ant
554 1101 690 1166 Roman
714 1103 863 1181 uenerint,
892 1119 965 1183 pars
993 1103 1069 1168 sunt
1095 1102 1252 1168 Romam

125 1206 228 1289 plebis
255 1205 290 1270 in
316 1206 397 1272 unco
429 1223 503 1288 pars
534 1205 609 1275 sunt
639 1205 747 1288 populi
769 1204 962 1272 Rauennatis
989 1203 1023 1270 in
1045 1204 1176 1270 theatro.
1215 1221 1252 1269 ao

124 1329 183 1392 por
209 1309 269 1377 hcc
296 1325 387 1382 nemo
410 1327 443 1373 se
470 1308 538 1376 loco
566 1310 622 1376 aut
643 1307 785 1373 absentia
807 1308 988 1372 excusatum
1011 1306 1109 1388 putet.
1145 1323 1251 1374 omnes

125 1410 324 1494 turpitudine
345 1428 450 1477 rerum
471 1427 570 1479 uuum
591 1412 676 1490 sunt,
698 1407 752 1490 qui
768 1408 828 1474 sibi
850 1426 955 1475 rernm
978 1408 1117 1490 turpium
1140 1409 1251 1476 uolun-

90 1516 195 1582 notate
233 1513 400 1580 sociantur.
444 1514 478 1578 et
514 1511 695 1581 blandimur
732 1510 820 1576 nobis
857 1510 982 1594 insuper
1020 1512 1057 1576 de
1094 1511 1251 1594 probitate

123 1635 250 1684 morum
271 1616 451 1686 blandimur
467 1614 505 1680 de
527 1612 759 1695 turpitudinum
781 1613 920 1680 raritate.
951 1631 1007 1696 ego
1021 1613 1156 1698 amplius
1171 1609 1305 1692 dioo‚50

124 1739 189 1786 non
211 1721 314 1789 solum
333 1717 386 1802 agi
408 1735 492 1786 nunc
520 1716 594 1784 illas
627 1715 819 1782 ludicrorum
836 1714 1013 1798 ,manium
1041 1716 1137 1800 labes,
1172 1734 1251 1800 quae

123 1824 214 1906 prins
236 1827 324 1890 aetas
345 1822 430 1897 snut.
453 1822 506 1889 sad
528 1821 724 1888 criminosius
747 1821 848 1886 multo
865 1819 917 1902 agi
939 1838 1031 1901 quem
1054 1821 1141 1904 prius
1163 1825 1251 1888 actae

123 1929 208 1991 sunt.
247 1927 323 1998 tuno
356 1922 442 1990 enim
474 1926 599 2006 integra
630 1923 764 1991 Romam
797 1922 881 1988 orbis
915 1924 1056 1988 membra
1086 1922 1251 2003 florebant,

89 2032 264 2111 nangusta
284 2047 348 2093 esse
371 2027 482 2094 horrea
502 2027 644 2109 publicae
667 2044 739 2109 opes
755 2026 902 2104 fecerant,
925 2028 1110 2092 cunctarum
1124 2025 1251 2094 urbium

123 2132 213 2198 ciues
249 2129 371 2196 diuitiis
401 2147 437 2194 ao
466 2129 586 2195 deliciis
623 2129 806 2206 attinebant,
844 2132 896 2194 uix
933 2129 1055 2211 potarat
1091 2129 1251 2213 religionis

121 2232 294 2302 auctoritas
326 2233 408 2300 inter
441 2235 563 2300 tantam
597 2251 701 2299 rarum
730 2232 966 2300 exuberantiam
994 2249 1116 2296 morum
1145 2234 1250 2298 tenere

122 2355 302 2405 censuram.
332 2335 540 2420 pascebantur
562 2336 688 2420 quidem
711 2340 787 2403 tune
809 2337 928 2418 passim
950 2337 983 2400 in
1005 2335 1080 2400 locis
1102 2335 1249 2417 plurimis
1258 2328 1301 2400 51

121 2441 246 2506 actores
270 2439 410 2520 turpium
433 2439 642 2522 uoluptatum,
665 2441 720 2504 sed
735 2439 827 2521 plena
841 2456 877 2503 ae
898 2437 1013 2503 retorta
1027 2438 1132 2504 omnia
1146 2441 1249 2504 erant:

87 2561 216 2609 anemo
249 2547 392 2624 sumptus
424 2541 640 2624 reipublicae
668 2544 825 2628 <rogitabat
856 2561 946 2608 namo
975 2541 1146 2624 dispendia,
1176 2543 1249 2623 quia

121 2665 185 2713 non
221 2645 412 2713 sentiebatur
448 2663 588 2729 expansa.
634 2644 805 2728 quaerebat
841 2645 1066 2728 quodammodo
1099 2643 1168 2726 ipsa
1202 2662 1250 2710 res
1289 2666 1292 2676 ·

119 2749 249 2832 publica
280 2748 336 2814 nbi
367 2749 518 2830 perderet,
553 2749 635 2831 quod
663 2748 786 2830 penitus
815 2750 879 2814 iam
901 2749 1037 2830 recipere
1060 2750 1112 2814 uix
1132 2753 1247 2832 posset.

119 2853 156 2918 et
176 2851 247 2916 ideo
271 2851 416 2919 cumulus
439 2851 631 2930 diuitiarum,
662 2852 716 2934 qui
743 2851 810 2918 iam
832 2852 895 2916 fers
916 2853 1045 2918 modum
1069 2855 1248 2930 excesserat,

120 2953 223 3018 stiam
250 2955 284 3018 in
316 2973 365 3020 res
394 2955 574 3037 nugatorias
602 2954 806 3020 redundabat.
844 2972 927 3020 nunc
956 2956 1060 3020 autem
1090 2957 1163 3038 quid
1185 2947 1302 3019 (116152

86 3061 252 3141 upotest?
284 3059 476 3124 recesserunt
498 3076 517 3123 a
539 3057 628 3124 nobis
644 3057 751 3141 copias
765 3060 887 3123 uetares
902 3062 1096 3123 recesserunt
1109 3059 1249 3140 priomm

119 3166 299 3245 temporum
329 3162 503 3240 facultates,
533 3161 641 3228 miseri
668 3161 732 3238 iam
760 3181 868 3227 snmus
896 3165 927 3226 et
957 3161 1090 3226 necdum
1113 3177 1247 3242 nugaces

120 3282 191 3330 assa
223 3284 390 3331 cessamus.
429 3283 561 3348 cumque
595 3265 692 3331 etiam
720 3265 850 3348 pupillis
880 3265 1017 3348 prodigis
1046 3263 1145 3328 soleat
1175 3262 1248 3328 sub·

1 3367 2 3432 3
119 3368 231 3434 nanim
252 3374 428 3454 paupertas,
451 3367 605 3452 simulque
620 3371 658 3433 ut
672 3369 855 3434 destiterint
872 3386 939 3434 esse
955 3367 1079 3451 diuites,
1103 3368 1249 3433 desinant

174 3554 191 3607 2
209 3555 290 3622 atqua
307 3551 335 3607 Β
352 3569 372 3608 s.
392 3554 409 3608 1.
513 3553 530 3607 5
554 3557 673 3622 aguntur
697 3551 725 3607 Β
829 3554 860 3608 11
885 3552 1039 3608 blandimur
1057 3551 1134 3607 nobis
1152 3553 1180 3606 Β

120 3637 155 3692 14
173 3637 302 3694 Romanis
319 3638 346 3693 Β
362 3644 425 3694 m.1
528 3639 604 3694 urbis
621 3641 649 3694 A
752 3640 784 3693 l'l
802 3639 1003 3694 exuberantium
1021 3639 1049 3694 Β
1153 3639 1185 3694 19
1203 3655 1248 3693 aa·

119 3726 209 3778 atores
233 3725 261 3778 Β
362 3725 396 3780 21
417 3741 458 3779 res
477 3725 538 3796 ipsa
556 3723 664 3794 publica
685 3724 713 3778 Β
814 3725 848 3780 22
871 3726 979 3794 penitus
997 3726 1043 3795 qui
1061 3725 1117 3782 iam
1133 3726 1182 3780 sed
1198 3725 1249 3780 sab

118 3826 157 3880 qu
175 3811 276 3866 bacola
293 3811 379 3866 dacto
395 3815 463 3866 ra.2
480 3813 507 3868 A
512 3833 523 3882 ‚·
547 3811 594 3881 qni
611 3811 683 3866 ailad
698 3811 790 3866 statim
803 3817 868 3882 post
886 3811 1044 3868 diuitiarum
1061 3814 1093 3867 ia
1110 3811 1168 3868 eod.
1187 3812 1246 3868 cod.

119 3895 213 3965 decem·
231 3897 344 3954 uidear
356 3913 418 3970 erpo
435 3914 450 3952 e
466 3915 552 3968 marp.
571 3899 679 3954 misse
696 3899 728 3952 ia
745 3899 833 3952 meam
850 3913 907 3954 aaa
924 3914 1004 3954 aaran
1090 3899 1174 3968 possit
1191 3899 1245 3952 iam

118 3982 168 4036 uix
184 3983 300 4050 racipere
316 3983 345 4038 Β
439 3982 474 4037 25
490 3985 593 4038 ueteres
611 3999 645 4036 aa
664 3982 763 4038 ueteris
781 3984 809 4037 A
826 3998 896 4040 corr.
914 3985 982 4038 aa.2
1075 3982 1108 4036 27
1126 3983 1248 4054 prodigis

118 4066 260 4136 (prodigus
281 4069 309 4122 A
331 4085 366 4122 m.
384 4073 409 4134 1)
433 4068 477 4123 nal
498 4067 658 4138 prodigiosis
681 4069 827 4136 Altada)
857 4068 986 4138 ‘prodigis
1008 4068 1153 4126 Bolasiae’
1172 4071 1246 4126 Hal-

118 4154 207 4220 mias5
225 4155 258 4208 ia
274 4170 334 4208 mcc
352 4154 464 4210 Balacri
481 4153 600 4209 editione
617 4161 721 4227 quana
736 4172 762 4210 a.
774 4157 847 4209 1743
865 4161 905 4210 ast
922 4157 1005 4212 etiam
1020 4157 1109 4227 plesse
1124 4156 1168 4211 nsl
1185 4173 1245 4226 pro·

119 4238 236 4309 digiosis
339 4239 373 4294 28
399 4240 552 4294 destiterint
575 4256 610 4294 coc
631 4240 695 4294 dist.
719 4242 747 4293 A
769 4255 839 4296 corr.
857 4257 891 4296 m.
911 4247 927 4296 1
1029 4242 1158 4298 desinunt
1183 4243 1249 4298 labri

118 4325 195 4392 ‘fort
214 4325 347 4380 desinant'
365 4325 503 4391 Balanitae,
521 4325 593 4394 qaod
610 4327 730 4394 racipere
747 4341 806 4382 aaa
823 4325 951 4383 meditem
