2972 5000
272 375 310 438 12
751 369 908 425 Saluiani

270 561 419 628 mundani
442 560 577 645 corporis
601 559 799 646 gubernaret.
837 561 891 625 sed
914 558 948 624 in
970 559 1140 643 principio,
1162 559 1282 642 inquis,
1305 577 1393 626 crea·

269 669 412 731 terarum
443 665 517 730 haec
547 667 621 729 sunt
649 683 667 729 a
695 664 752 728 ‹leo
781 664 904 728 statuta
933 664 1027 744 atquo
1056 662 1219 745 disposita:
1255 664 1396 729 osterum

268 769 391 850 patrata
413 766 618 832 uniuersitate
633 785 738 832 rerum
753 765 847 848 atque
863 764 1001 849 perfecta
1015 767 1148 832 remouit
1164 785 1230 831 ese
1247 768 1395 834 cunctam

268 872 466 937 terrestrium
488 889 592 935 rerum
616 889 722 935 curam
738 873 770 933 et
784 868 958 952 ablogauit:
981 867 1122 934 laborem
1144 869 1292 936 uidelicet
1313 869 1396 936 forte

269 974 392 1058 fugiens
415 991 433 1038 a
455 992 509 1038 suo
531 974 598 1039 looo
622 970 803 1038 emendarit
818 973 850 1036 et
865 970 1041 1068 molestiam
1057 971 1252 1056 fatigationis
1269 975 1394 1040 enitens
1420 995 1434 1036 ⁵

268 1078 323 1141 ant
344 1080 511 1160 occupatus
534 1075 669 1160 nogotiis
693 1075 765 1140 aliis
780 1078 903 1156 partem
918 1093 1025 1140 rerum
1039 1075 1179 1160 reliquit,
1202 1076 1275 1158 quia
1290 1079 1393 1142 totum

268 1180 352 1246 obire
375 1197 437 1244 non
459 1179 566 1261 possit.

217 1283 256 1348 21
312 1285 348 1348 V.
372 1284 524 1349 Remouet
547 1282 644 1366 igitur
667 1299 685 1346 a
707 1300 750 1358 se,
773 1281 887 1365 inquis,
912 1298 1021 1347 curam
1043 1282 1225 1348 mortalium
1248 1282 1331 1348 deus.
1362 1284 1396 1347 at

268 1403 345 1470 qnae
367 1402 440 1467 ergo
462 1385 551 1450 nobis
583 1384 708 1450 diuinae
735 1384 895 1468 religionis
919 1385 967 1450 est
988 1385 1092 1450 ratio?
1125 1403 1204 1467 qnae
1226 1386 1278 1450 uel
1300 1402 1396 1450 causa

268 1489 426 1553 Christum
450 1487 571 1554 colendi
594 1488 645 1553 uel
667 1506 736 1570 spes
758 1486 970 1570 propitiandi?
1002 1488 1030 1552 si
1051 1488 1134 1552 enim
1157 1486 1297 1573 neglegit
1319 1487 1396 1554 dens
1407 1513 1434 1552 ιο

267 1594 301 1657 in
323 1592 382 1657 hoc
405 1591 528 1657 saeculo
549 1610 647 1675 genus
669 1592 839 1670 hominum,
863 1609 918 1657 cur
941 1591 981 1656 ad
1003 1592 1124 1657 caelum
1147 1589 1259 1656 cotidie
1282 1608 1395 1656 manus

267 1696 449 1762 tendimns?
483 1713 538 1760 our
560 1693 752 1760 orationibus
781 1693 896 1760 crebris
924 1693 1172 1760 misericordiam
1195 1692 1244 1758 dei
1268 1692 1396 1777 quaeri·

269 1799 361 1864 mus?
384 1817 438 1863 cur
459 1801 499 1864 ad
522 1798 752 1863 ecclesiasticas
773 1796 882 1862 domus
906 1798 1083 1862 currimus?
1106 1815 1162 1862 cur
1184 1799 1258 1862 ente
1280 1796 1396 1862 altaria

269 1899 503 1983 supplicemus?
535 1900 624 1966 nulla
652 1903 699 1964 est
729 1898 811 1964 enim
842 1899 932 1966 nobis
965 1900 1045 1965 ratio
1073 1899 1237 1980 precandi,
1268 1898 1296 1964 si
1324 1916 1396 1982 spes

268 2002 392 2068 tollitur
420 2003 622 2084 impetrandi.
659 2003 747 2067 uides
777 2020 850 2088 ergo
873 2021 968 2085 quam
990 2003 1090 2068 stulta
1111 2003 1206 2086 atque
1226 2003 1328 2069 ine-nis
1352 2003 1397 2070 sit
1409 2025 1434 2066 ιι

268 2107 361 2171 huius
395 2106 606 2189 persuasionis
639 2107 790 2172 adsertio:
824 2124 902 2189 quae
932 2104 1040 2187 utique
1071 2105 1098 2170 si
1121 2106 1286 2188 recipitur,
1315 2106 1397 2174 nillil

217 2214 258 2278 22
268 2208 391 2292 penitus
420 2212 458 2276 de
485 2210 635 2294 religione
665 2211 819 2274 seruetur.
857 2211 910 2274 sed
939 2209 978 2274 ad
1007 2207 1089 2274 illud
1119 2207 1200 2273 forto
1222 2207 1395 2292 confugias,

268 2318 304 2377 nt
327 2313 412 2378 dices
435 2330 490 2377 nos
513 2316 599 2377 metu
624 2311 723 2376 futuri
745 2310 855 2376 iudicii
878 2313 972 2378 doum
995 2311 1095 2378 colore
1111 2313 1144 2377 et
1159 2312 1190 2378 id
1205 2313 1290 2378 omni
1304 2329 1397 2396 pree·

268 2418 404 2482 sentium
435 2415 609 2483 officiorum
640 2416 729 2482 cultu
759 2416 929 2496 elaborare,
964 2416 1058 2480 utin
1081 2415 1130 2481 die
1158 2414 1257 2480 futuri
1286 2414 1397 2481 iudicii

270 2539 446 2586 mereamur
469 2520 600 2585 absolui.
632 2521 706 2601 quid
729 2536 801 2603 ergo
824 2517 884 2584 sibi
908 2519 980 2585 uult
996 2518 1156 2602 apostolus
1171 2518 1288 2584 Paulus
1303 2537 1434 2600 prae-se

268 2623 382 2706 cipiens
423 2624 536 2688 cotidie
570 2623 603 2687 in
638 2622 768 2688 ecclesia
802 2640 838 2687 ao
870 2621 982 2687 iubens
1018 2625 1055 2687 ut
1084 2621 1249 2688 offeramus
1278 2622 1396 2706 iugiter
1445 2631 1446 2636 ’

268 2729 323 2793 deo
359 2728 463 2791 nostro
500 2726 653 2792 orationes
690 2726 918 2793 obsecrationes
955 2726 1183 2809 postulationes
1221 2725 1396 2809 gratiarum

269 2828 430 2893 actiones?
452 2832 484 2894 ot
507 2828 582 2894 haec
604 2830 708 2894 omnia
730 2848 823 2912 quam
846 2829 885 2895 ob
901 2829 1051 2896 causam?
1073 2846 1166 2912 quem
1189 2831 1297 2910 utique
1320 2828 1394 2904 nisi,

267 2933 303 2998 nt
325 2931 391 3014 ipse
413 2933 504 3013 dicit,
537 2935 579 2997 nt
602 2933 777 3015 quietam
799 2936 837 2997 et
859 2933 1130 3016 tranquillam
1160 2933 1285 2998 uitem
1307 2935 1396 3016 a'ga·

268 3054 350 3100 mus
381 3037 419 3100 in
453 3034 557 3101 omni
591 3036 810 3101 castitate?
842 3054 898 3118 pro
920 3035 1151 3119 praesentibus
1180 3039 1216 3100 ut
1238 3035 1435 3115 uidemuaa

268 3138 392 3203 domino
426 3138 595 3221 supplicari
627 3137 715 3203 iubet
750 3141 782 3203 et
810 3140 906 3217 orari,
943 3143 1023 3222 quod
1050 3140 1164 3220 ntique.
1188 3157 1251 3204 non
1273 3137 1397 3204 iuberet

216 3239 258 3305 23
268 3240 330 3305 nisi
353 3241 470 3305 exorari
493 3257 582 3321 posse
612 3241 790 3307 confideret.
827 3241 980 3324 quomodo
1002 3259 1075 3324 ergo
1098 3241 1214 3323 aliquis
1233 3260 1289 3326 pro
1311 3240 1397 3308 obti-

268 3342 376 3408 nendis
399 3342 497 3408 futuri
513 3345 659 3427 temporis
674 3345 762 3427 tonis
777 3346 900 3426 apertus
916 3345 968 3411 dei
983 3361 1083 3423 aures,
1106 3361 1161 3429 pro
1177 3345 1395 3427 praesentibus

268 3449 373 3511 autem
401 3445 521 3511 clausas
551 3447 643 3530 atque
672 3448 846 3514 obstructas
876 3448 992 3530 putat?
1025 3449 1081 3513 aut
1108 3447 1261 3531 quomodo
1284 3466 1339 3513 nos
1362 3448 1396 3513 in

368 3581 403 3637 20
428 3583 442 3637 Ι
462 3581 531 3640 Tim.
549 3583 575 3649 2,
593 3584 662 3652 lsq.

318 3703 335 3757 3
352 3705 468 3758 remouit
485 3721 521 3758 ccc
538 3704 651 3758 remon&
668 3705 696 3758 A
713 3719 785 3759 corr.
802 3720 839 3759 m.
856 3707 876 3759 2
978 3705 995 3758 5
1013 3703 1169 3758 amendanit
1187 3721 1204 3757 ι
1222 3719 1290 3758 corr.
1310 3707 1396 3767 (maa.

266 3791 429 3845 Braeeiocct
446 3796 478 3845 ct
499 3791 638 3857 alostum:
665 3791 862 3846 commendauit
884 3791 940 3845 AB
964 3793 1000 3859 (et
1022 3791 1130 3860 pueliam
1153 3792 1181 3846 Β
1205 3791 1291 3846 uerba
1314 3805 1396 3844 asuo

266 3877 322 3930 loco
340 3892 433 3931 comm.
452 3877 484 3930 e'a
500 3893 550 3947 mg.
568 3877 648 3932 habet
665 3893 699 3932 m.
717 3879 749 3944 2)
840 3877 926 3945 tique
945 3879 1021 3945 (core
1039 3877 1094 3945 uel)
1113 3878 1141 3932 Β
1228 3876 1262 3932 10
1279 3877 1395 3944 propici-

267 3962 330 4016 endi
348 3963 375 4016 A
466 3963 499 4016 13
516 3962 607 4016 domos
625 3963 652 4017 Β
740 3963 771 4017 17
790 3962 925 4032 confugies
943 3963 972 4017 Β
1065 3964 1097 4018 18
1114 3963 1143 4016 id
1160 3962 1242 4032 omni]
1262 3961 1320 4016 ideo
1338 3977 1395 4016 om.-

267 4049 342 4102 ninm
360 4049 388 4104 Β
491 4049 524 4103 19
546 4048 649 4118 iudicii]
668 4049 767 4104 saeculi
789 4049 818 4103 Β
922 4050 956 4102 20
973 4064 1089 4104 meream
1104 4048 1152 4103 aed
1169 4064 1271 4103 rasum
1287 4064 1347 4116 arcp.
1367 4065 1395 4102 m

239 4182 241 4191 ,
267 4135 306 4188 tit.
319 4134 366 4200 fia
386 4136 414 4189 Β
507 4135 539 4189 21
558 4135 669 4190 ecclesie
687 4137 715 4190 Β
733 4141 759 4191 et
774 4151 843 4190 mae.
861 4151 890 4189 m
906 4152 938 4190 r:
965 4136 1102 4190 ecclesiam
1120 4136 1176 4189 AB
1194 4135 1325 4190 Halmius

266 4219 411 4274 offerantur
428 4220 455 4274 B
560 4221 593 4275 26
616 4221 762 4291 supplicari
778 4221 849 4276 AB:
877 4221 1025 4290 supplicare
1043 4221 1174 4276 Halmius
1277 4221 1348 4274 orari
1367 4226 1395 4276 ct

262 4305 349 4372 paulo
357 4310 420 4374 poet
431 4305 530 4360 exorari
543 4306 703 4361 Harteliua:
723 4322 797 4361 orare
810 4312 836 4362 et
847 4322 954 4361 exorare
971 4307 1027 4360 AB
1130 4305 1201 4375 qnod
1218 4321 1269 4362 om.
1287 4306 1315 4360 Β
