3068 5012
425 397 461 450 de
480 395 611 466 gubern.
631 397 684 452 dei
706 397 761 452 VII
784 402 798 464 5
817 396 929 453 69-15.
1181 400 1244 466 179

108 587 207 652 malis
232 587 379 653 hocloco
406 605 506 668 pauca
533 585 700 652 dicturum.
739 587 815 669 quid
837 604 909 667 ergo
932 585 1129 668 impudicitia
1150 589 1243 669 atque

108 690 291 772 impuritas,
315 691 352 756 de
369 709 431 773 qua
446 690 563 773 loquer,
587 689 742 772 numquid
755 710 818 757 neu
833 691 873 756 ad
889 690 1079 758 euersiouem
1094 689 1243 756 Afrorum

110 793 179 858 sola
213 795 400 859 suffecerat?
449 811 529 876 quae
563 793 648 858 euim
681 793 744 858 fuit
777 811 848 878 pers
882 793 1020 860 ciuitatis
1054 811 1116 858 uon
1150 795 1243 875 plena

110 897 264 974 sordibus,
300 914 379 978 qnae
407 898 492 963 intre
520 897 629 964 urbem
657 896 764 978 platea
792 897 847 962 aut
870 895 983 964 semita
1004 914 1067 962 uon
1088 897 1242 979 lupanar?

85 1001 188 1064 eadee
213 1000 318 1065 omnia
340 1019 437 1083 paene
460 1002 602 1081 competa
629 1017 734 1065 omnes
757 999 826 1066 uias
848 1004 903 1064 aut
925 999 1015 1081 quasi
1038 1000 1146 1066 ioueae
1168 1000 1241 1066 libi·

110 1104 222 1168 diuum
256 1102 480 1170 interciderant
514 1105 568 1167 aut
603 1105 690 1184 quasi
722 1101 804 1168 retia
827 1102 1055 1187 praetexebant,
1088 1105 1124 1170 ut
1146 1101 1241 1172 etiem

109 1205 164 1287 qui
189 1205 230 1272 ab
253 1206 313 1272 hae
335 1225 369 1270 re
390 1207 513 1289 penitus
542 1205 756 1280 abhorrerent¹
773 1210 880 1272 tamen
910 1205 1011 1272 uitare
1033 1207 1086 1272 uix
1107 1207 1240 1288 possent.
1279 1225 1283 1232 ’

108 1311 270 1374 latronum
287 1309 513 1392 quedammodo
530 1309 674 1376 excubias
690 1308 810 1378 uideres
826 1308 1069 1374 commeantium
1084 1307 1243 1374 uictorum
1254 1310 1294 1375 73

109 1411 211 1494 spolia
245 1415 423 1494 captantes,
458 1413 511 1494 qui
544 1413 731 1479 insidiarum
764 1411 974 1494 frequentium
1008 1411 1163 1479 densitate
1196 1411 1243 1476 ita

77 1533 219 1579 rccmnes
250 1516 418 1580 admodum
448 1516 541 1582 calles
570 1535 676 1582 omnes
704 1515 862 1584 anfractus
885 1535 921 1582 ac
945 1515 1130 1582 diuerticula
1152 1535 1242 1598 saep-

109 1619 237 1696 sissent,
259 1619 296 1684 ut
318 1619 425 1684 nullus
449 1619 547 1688 ferme
569 1622 635 1686 tam
659 1622 770 1684 cautus
793 1621 885 1696 esset,
909 1618 1044 1700 quinon
1066 1617 1099 1682 in
1123 1617 1259 1700 aliquos·

107 1721 297 1786 insidiarum
323 1723 449 1804 laqueos
472 1723 654 1801 incurreret,
679 1723 774 1789 etiam
798 1724 900 1806 quise
923 1723 960 1786 de
982 1721 1127 1805 plurimis
1151 1739 1242 1802 expe-

109 1824 219 1890 disset.
254 1824 423 1904 foetebant,
459 1829 494 1890 ut
527 1827 574 1890 ita
607 1825 749 1904 dixerim,
785 1827 891 1892 cuncti
923 1826 1009 1891 urbis
1037 1824 1124 1890 illius
1158 1824 1242 1890 ciues

109 1945 205 1992 caeno
237 1927 389 2008 libidinis,
421 1947 570 2012 spurcum
598 1929 801 2011 sibimetipsis
824 1929 934 1996 mutuo
955 1927 1171 2013 impudicitiae
1194 1927 1242 1996 ui·

77 2031 219 2096 udorem
239 2030 405 2098 inalautes.
429 2033 483 2097 sed
500 2033 620 2100 horrori
643 2033 688 2097 eis
711 2035 817 2098 tamen
840 2032 968 2098 horrida
986 2035 1050 2098 ista
1065 2051 1126 2098 nou
1143 2032 1241 2112 aaut,
1255 2035 1295 2100 74

108 2134 186 2217 quia
216 2135 298 2200 idem
327 2152 432 2200 omnes
461 2136 570 2200 horror
597 2135 755 2201 infecerat.
794 2153 889 2202 uuam
917 2135 1000 2200 euim
1028 2137 1118 2217 putes
1149 2135 1244 2202 fuisse

107 2238 178 2302 illio
208 2236 377 2304 libidinum
405 2236 707 2322 fornicationumque
735 2239 901 2316 sentinam,
932 2256 1063 2302 caenum
1091 2238 1179 2320 quasi
1208 2255 1244 2302 ex

108 2341 196 2406 omni
232 2342 407 2423 platearum
430 2344 462 2406 et
484 2343 658 2408 cloacarum
691 2341 761 2407 labe
788 2340 971 2406 collectum.
1010 2343 1043 2404 et
1071 2359 1149 2423 quae
1178 2339 1243 2406 illic

108 2464 184 2526 spes
208 2463 276 2510 esse
298 2448 429 2526 poterat,
454 2444 508 2510 ubi
530 2449 655 2528 praeter
676 2445 719 2521 id,
743 2445 824 2526 quod
847 2445 879 2508 iu
895 2442 1015 2508 domiui
1030 2443 1148 2524 templo
1165 2447 1242 2523 erat,

76 2546 192 2612 anihil
227 2547 327 2614 uideri
362 2547 487 2629 penitus
514 2549 575 2614 uisi
604 2548 764 2616 sordidum
786 2565 848 2614 non
876 2547 1016 2613 licebat?
1053 2565 1242 2629 quamquam

108 2651 186 2734 quid
217 2651 320 2716 dicam
349 2652 382 2716 iu
412 2651 461 2716 dei
489 2653 629 2734 temple?
662 2652 722 2717 hoo
744 2651 857 2735 quippe
880 2651 982 2716 totum
1005 2648 1044 2714 ad
1066 2648 1242 2717 sacerdotes

108 2755 239 2819 tautum
268 2756 298 2818 et
327 2755 446 2818 clerum
474 2757 628 2836 pertinet:
662 2773 738 2836 quos
762 2773 824 2820 uon
847 2753 990 2830 discutio,
1024 2753 1096 2836 quia
1125 2752 1244 2820 domini

109 2857 175 2923 mei
198 2857 374 2925 ministerio
396 2859 604 2924 reuerentiam
619 2876 719 2942 seruo,
743 2858 776 2922 et
791 2875 866 2939 quos
884 2857 929 2922 ita
944 2855 1025 2922 solos
1040 2873 1133 2939 puros
1149 2855 1244 2921 fuisse
1260 2841 1261 2848 '

108 2960 252 3026 arbitror
285 2961 319 3025 in
353 2961 475 3036 altario,
510 2959 592 3025 sicut
625 2960 829 3042 pereuntibus
862 2959 1002 3025 Sodomis
1036 2959 1138 3024 solum
1161 2958 1244 3024 Loth

78 3063 207 3129 remisse
242 3063 375 3146 legimus
405 3064 438 3130 iu
470 3065 583 3130 monte.
622 3067 760 3130 ceterum
783 3064 936 3146 quantum
959 3063 997 3128 ad
1024 3061 1150 3144 plebem
1171 3064 1296 3144 per-lb

161 3299 296 3368 2loquar
312 3315 332 3353 e.
353 3314 435 3353 acer.
455 3315 470 3353 o
487 3315 521 3352 m.
540 3303 556 3352 1
572 3300 599 3352 A
703 3299 737 3354 ad
754 3301 782 3355 B
800 3315 821 3354 e.
835 3300 853 3354 1.
957 3301 1106 3355 uersiouem
1123 3315 1208 3368 cuper
1225 3317 1243 3354 u

107 3385 175 3439 odd.
194 3401 209 3438 e
227 3388 295 3440 Μ
312 3386 339 3438 A
444 3387 460 3439 3
479 3385 619 3439 suffecerat
637 3402 671 3441 ea
690 3386 774 3440 suffic.
792 3388 819 3440 A
836 3402 907 3441 corr.
920 3375 984 3440 oa2
1001 3374 1066 3441 a't'em
1082 3387 1244 3456 paulopost

107 3472 227 3540 lupanar
245 3487 280 3526 eae
297 3471 407 3540 lupinar
495 3473 511 3525 5
530 3472 646 3539 compita
664 3477 690 3526 et
707 3475 827 3542 competa
845 3473 944 3526 iterum
960 3472 1017 3526 AB
1028 3478 1060 3526 at
1071 3487 1158 3542 cupra
1169 3480 1194 3538 ὅ.
1207 3478 1244 3529 68

106 3561 293 3626 competarum
386 3558 402 3612 6
415 3557 606 3612 interciderent
618 3573 653 3612 erc
666 3558 805 3612 -cederant
816 3559 845 3614 A
856 3573 927 3614 corr.
940 3575 974 3613 m.
987 3563 1018 3625 1;
1036 3559 1071 3625 es.
1086 3558 1132 3612 VI
1140 3563 1176 3614 14

107 3644 123 3696 7
148 3643 258 3712 possint
283 3643 310 3698 A
414 3644 447 3698 10
470 3645 623 3698 ammodum
647 3647 675 3700 A
778 3645 912 3698 audactus
930 3659 1014 3712 seper
1032 3659 1047 3697 o
1064 3659 1120 3700 sca·
1135 3661 1153 3697 u
1171 3647 1244 3700 aad

107 3733 149 3798 A,
180 3729 254 3785 idem
278 3732 372 3786 atatim
394 3731 555 3786 deuerticula
575 3747 595 3786 s.
614 3747 629 3784 o
647 3747 698 3786 scr.
717 3749 734 3786 u
839 3732 872 3787 12
896 3732 1040 3800 expetisset
1062 3747 1145 3800 ceper
1162 3734 1175 3784 t
1192 3747 1243 3788 scr.

108 3833 143 3870 m.
160 3819 183 3872 2
199 3817 219 3870 d
237 3816 265 3873 A
366 3819 397 3872 13
415 3817 548 3874 debebant
565 3819 607 3872 A:
636 3817 772 3874 foetebant
791 3818 817 3872 B
915 3817 989 3872 aneti
1006 3832 1091 3886 saper
1108 3833 1125 3870 a
1141 3831 1192 3872 ser.
1211 3834 1244 3872 cu

107 3918 141 3956 m.
161 3903 249 3967 2A,'
268 3902 342 3958 idem
359 3907 394 3960 15
412 3905 527 3958 nitorem
545 3920 566 3959 a.
584 3919 636 3964 acr-
654 3904 671 3958 d
690 3910 716 3958 et
734 3903 867 3960 inalautes
885 3919 906 3957 a.
924 3917 975 3958 aer.
996 3903 1015 3956 lr
1106 3903 1138 3956 lb
1155 3919 1244 3958 errore

107 3988 371 4056 repedicione.
390 3989 409 4042 h
427 4006 462 4046 m.
480 3993 500 4044 2
518 3991 545 4044 A
649 3991 681 4044 16
706 4005 795 4042 omnes
814 4004 847 4044 ex
865 3988 1085 4044 omnisAcorr.
1104 3991 1175 4042 aad
1208 4037 1229 4048 ,.

109 4073 143 4126 20
163 4091 217 4128 neu
232 4080 293 4140 (cra.
307 4075 344 4144 B)
358 4076 457 4134 licebat
475 4079 503 4132 A
519 4076 596 4142 ‘fort
608 4083 680 4132 recte
692 4091 764 4130 mere
779 4074 955 4140 Graecorum,
973 4074 1007 4142 ef.
1020 4074 1151 4142 Boeaseb,
1165 4073 1244 4130 Italo

110 4176 138 4213 a.
163 4160 286 4231 Volpota
307 4177 337 4230 p.
354 4163 417 4218 446'
441 4163 588 4229 Halmdos;
615 4168 693 4224 recte,
710 4162 808 4230 operer
831 4177 881 4216 aee
904 4161 1025 4228 recipere
1046 4159 1175 4214 dubitaui

111 4261 192 4312 quem
210 4263 301 4316 quam.
329 4249 399 4314 Quid
417 4249 477 4317 (sie)
494 4251 523 4303 A
625 4249 660 4304 22
677 4250 784 4302 tantum
802 4263 886 4316 otrpar
903 4263 938 4300 an
954 4261 1006 4300 ser.
1024 4261 1041 4308 o
1057 4261 1091 4306 m.
1109 4248 1130 4299 2
1147 4245 1175 4299 A

112 4332 148 4384 ‘24
165 4333 282 4388 arbitror
299 4333 381 4388 fuisse
398 4335 426 4388 B
530 4335 565 4390 25
582 4334 611 4388 iu
629 4336 719 4389 moute
738 4334 853 4403 legimns
871 4332 899 4387 B

1087 4435 1142 4488 12·
