2972 5000
264 355 307 422 26
753 355 911 410 Saluiani

266 547 319 630 qui
356 563 491 616 errorem
526 544 775 628 supradictorum
811 544 922 612 statim
958 543 991 608 in
1027 543 1093 627 ipso
1131 563 1222 628 opere
1258 543 1398 627 pudicit,

266 667 322 716 nec
343 650 429 731 prius
451 667 549 732 paene
572 653 620 714 est
642 651 807 731 peractum
831 648 950 717 lacinus
971 648 1168 730 peccantium
1196 666 1294 732 quam
1314 647 1399 714 ulci-

266 755 403 820 sceretur
425 771 523 834 poena
545 753 718 835 peecatum.
764 751 909 834 quamuis
931 768 991 816 non
1014 751 1048 818 id
1078 753 1204 819 tanturn
1225 753 1258 820 in
1280 752 1338 818 hec
1361 770 1399 816 re

214 855 373 922 electum
395 856 438 920 sit
459 857 514 922 sed
535 857 633 923 etiam
655 856 757 922 multa
779 854 853 920 ulia.
891 873 962 920 oum
985 853 1068 923 enirn
1090 855 1124 920 in
1148 854 1213 920 illis
1235 859 1311 922 tunc
1332 872 1399 920 non

265 977 355 1024 mens
376 958 474 1042 impia
496 961 549 1026 sed
571 957 708 1024 facilitas
730 957 865 1025 nimium
880 957 1057 1024 inconsulta
1079 958 1190 1040 punite
1212 958 1263 1039 sit,
1288 957 1397 1024 decla·
1426 975 1445 1016 s

264 1060 349 1126 rauit
370 1061 509 1142 profecto
537 1060 697 1144 dominus,
728 1079 787 1143 que
816 1059 970 1144 supplicio
998 1058 1088 1144 digni
1116 1064 1220 1128 essent
1243 1061 1296 1142 qui
1320 1077 1398 1124 con-

264 1164 388 1247 temptu
410 1163 586 1230 diuinitatis
607 1163 728 1246 aliquid
750 1163 964 1242 admitterent,
987 1163 1110 1245 quando
1133 1163 1229 1232 etiam
1251 1163 1300 1230 illi
1322 1181 1398 1246 per·

266 1266 349 1332 cossi
371 1285 389 1332 a
411 1266 468 1330 deo
492 1271 606 1346 essent,
629 1267 683 1349 qui
699 1266 894 1332 aelementis
909 1265 1188 1334 inconsideratione
1204 1269 1397 1352 peccassent,

265 1371 321 1438 aut
343 1388 437 1452 quam
458 1369 506 1435 rei
529 1373 633 1438 essent
649 1371 702 1452 qni
725 1371 832 1434 contra
846 1368 1020 1436 iussionem
1041 1369 1160 1438 demini
1176 1372 1224 1436 sui
1245 1369 1396 1449 facerent,

266 1491 338 1542 cum
361 1475 456 1538 etiam
478 1472 528 1538 illi
551 1473 658 1540 taliter
679 1473 901 1554 plecterentur,
924 1471 979 1555 qui
994 1471 1112 1541 iniussa
1126 1471 1281 1540 fecissent.
1303 1490 1440 1556 petrose

265 1579 371 1643 autem
393 1577 489 1643 etiam
510 1595 547 1640 ex
568 1575 627 1640 hoe
650 1574 808 1642 consulere
839 1577 915 1643 deus
937 1575 1042 1641 uoluit
1062 1577 1187 1642 nostrae
1210 1576 1396 1644 correctioni

264 1697 503 1764 percensuram
526 1679 660 1744 salubris
684 1678 833 1762 exempli,
861 1680 899 1744 ut
928 1696 1037 1746 omnes
1065 1677 1139 1744 laici
1163 1678 1395 1762 intellegerent,

265 1785 416 1864 quantum
446 1781 528 1846 iram
556 1782 606 1852 dci
638 1783 750 1846 timere
773 1781 939 1860 deberent,
969 1799 1041 1848 oum
1069 1799 1088 1846 a
1114 1782 1271 1866 praesenti
1296 1800 1397 1865 poena

263 1885 345 1956 filios
369 1883 539 1952 sacerdotis
569 1902 626 1952 uec
648 1885 798 1950 meritum
820 1887 961 1967 parentis
983 1884 1116 1968 eriperet
1137 1903 1195 1950 nee
1223 1883 1395 1952 ministerii

212 1987 345 2056 essaei
367 1986 571 2071 priuilegium
593 1988 778 2056 uindicaret.
799 1991 855 2054 sed
870 1988 946 2070 qnid
960 2007 1016 2071 ego
1040 1987 1079 2054 de
1094 1987 1143 2052 his
1158 1988 1238 2068 dioc,
1261 2007 1436 2071 querumrr

264 2089 526 2159 inconsiderantia
560 2090 788 2172 quodammode
822 2091 916 2158 deum
949 2090 1057 2174 tetigit
1090 2094 1122 2156 et
1155 2092 1194 2158 ad
1226 2092 1396 2163 coelestem

263 2193 416 2260 iniuriam
430 2175 639 2260 redundarit?
662 2194 762 2260 Maria
786 2197 894 2261 oenus
906 2193 1038 2277 Moysen.
1051 2193 1192 2275 loquitur
1207 2194 1394 2276 seponitur,

263 2315 320 2365 neo
334 2295 467 2379 punitur
482 2300 609 2372 tantum
631 2298 686 2370 sed
707 2297 838 2380 punitur
860 2316 945 2364 more
960 2296 1077 2366 iudicii.
1101 2297 1239 2379 primum
1254 2301 1338 2373 enim
1352 2297 1395 2366 ad

263 2399 417 2469 iudicium
438 2401 578 2479 uocatur,
603 2399 714 2466 deinde
728 2400 880 2484 arguitur,
903 2393 998 2466 tertio
1020 2401 1210 2470 uerteretur.
1233 2402 1266 2472 in
1288 2401 1394 2467 obiur-

263 2502 391 2584 gatione
412 2503 496 2568 enim
518 2503 633 2586 excipit
661 2507 728 2569 nim
750 2502 941 2582 sententiae,
966 2503 1001 2576 in
1022 2504 1112 2587 lepra
1139 2507 1246 2574 autem
1272 2504 1435 2588 patiturne

263 2605 422 2688 piaculum
439 2604 638 2672 criminosae:
660 2607 804 2688 quamuis
820 2606 964 2681 coercitio
986 2604 1165 2673 istiusmodi
1180 2623 1242 2674 ucu
1257 2607 1394 2684 Mariam

262 2711 388 2774 tantum
411 2709 465 2774 sed
488 2707 583 2774 etiam
605 2709 762 2774 Aaronem
785 2707 1010 2787 humiliarent,
1037 2709 1121 2790 quia,
1143 2709 1204 2774 etsi
1225 2710 1394 2788 deformari

262 2811 348 2893 lepra
362 2829 525 2879 summum
538 2811 717 2879 antistitem
731 2829 794 2878 non
808 2810 955 2895 oportuit,
977 2813 1009 2878 ct
1031 2812 1134 2894 ipsum
1155 2815 1262 2885 tamen
1276 2813 1394 2881 domiui

263 2913 430 2998 castigatio
445 2914 635 2998 flagellauit,
656 2933 713 2980 nec
728 2917 830 2982 solum
844 2915 911 2994 hoc,
926 2915 1028 2982 sedin
1048 2931 1159 2996 poena,
1182 2933 1277 2997 quam
1292 2916 1394 2984 Maria

262 3018 400 3101 patitur,
423 3019 530 3086 Aaron
552 3019 649 3084 etiam
672 3021 760 3100 quasi
789 3019 897 3101 culpae
913 3019 1074 3102 particeps
1096 3021 1270 3099 coercetur3
1291 3018 1434 3088 Mariars

211 3121 348 3192 etenim
370 3120 524 3206 supplicio
545 3121 701 3202 adficitur,
725 3124 764 3186 ut
784 3122 889 3188 Aaron
911 3121 1093 3196 confusione
1113 3122 1275 3192 multetur.
1302 3139 1392 3204 porro

263 3226 388 3304 autem,
415 3227 452 3294 ut
474 3224 697 3302 inexorabilem
720 3217 754 3294 iu
778 3225 964 3310 quibusdam
993 3243 1229 3309 agnosceremus
1258 3225 1392 3291 formam
1481 3291 1482 3316 Ξ

263 3326 362 3393 diuini
385 3346 451 3392 esse
473 3328 591 3408 iudicii,
615 3349 654 3394 ne
668 3329 756 3394 illius
773 3329 899 3411 quidem
914 3330 1085 3394 intercessu
1100 3328 1154 3410 qui
1171 3329 1272 3393 laesus
1287 3327 1393 3393 fuerat
1481 3329 1482 3332 ’

263 3432 406 3496 indulsit.
450 3431 495 3497 sic
523 3433 607 3496 enim
636 3433 771 3516 legimns
801 3431 841 3497 ad
872 3434 1030 3498 Aaronem
1059 3435 1090 3498 et
1115 3431 1248 3500 Manlum
1278 3429 1392 3498 dixisse

263 3535 445 3600 domiuum:
491 3552 609 3619 quare
649 3535 776 3620 igitur
820 3552 894 3600 non
937 3534 1429 3635 timuistisldetrahereee

363 3745 399 3802 30
415 3743 495 3801 Nurn.
515 3745 560 3818 12λ
574 3720 663 3819 δἐᾳᾳ.

311 3943 329 3998 2
347 3959 394 4001 uec
411 3943 487 4013 prius
505 3959 587 4013 paene
604 3946 647 3998 eat
662 3943 775 3999 eutium
793 3959 872 4012 quam
890 3945 930 4005 At
952 3960 1001 3999 nec
1018 3947 1156 4012 peractum
1173 3945 1247 4013 prins
1265 3960 1331 4014 pene
1349 3946 1390 3998 est

260 4029 279 4086 t
298 4045 323 4098 p.
342 4027 368 4082 B
470 4030 615 4086 3tantum
630 4055 672 4086 m
689 4030 742 4090 ian
762 4030 851 4090 multa
867 4032 898 4083 Α·
946 4068 949 4076 ,
1000 4031 1034 4087 12
1051 4031 1120 4090 ,laici
1138 4046 1192 4089 omn
1207 4030 1236 4089 B
1252 4035 1322 4086 mn

261 4114 295 4168 18
312 4130 385 4170 mere
398 4115 496 4174 ,iudicii
513 4115 626 4185 punitur
644 4116 672 4170 B
711 4177 713 4184 ,
774 4115 809 4172 20
829 4117 932 4186 excepit
948 4117 977 4172 A
1069 4116 1113 4174 21
1132 4116 1276 4178 cohercitio
1295 4117 1322 4172 Β

260 4202 345 4274 marie
362 4202 390 4258 A
426 4265 429 4271 ¹
481 4201 687 4262 23antistitem
705 4218 738 4260 coc
755 4203 912 4268 antestitem
930 4206 1038 4258 Acorr.
1053 4219 1086 4258 m.
1100 4218 1154 4260 rec.
1249 4202 1390 4259 recener-

261 4289 337 4342 cetur
354 4288 382 4342 B
485 4288 519 4342 27
536 4288 621 4346 forma
639 4289 667 4344 B
