3036 5004
286 421 347 491 152
508 392 510 398 ’
704 421 710 430 “
768 408 923 478 seruans

284 613 339 680 a'ut
361 614 500 680 saluatae
533 613 626 679 urbes
658 613 776 680 fuerint
799 617 854 680 aut
882 612 974 678 finita
1006 612 1166 696 populatio
1196 617 1251 678 aut
1266 612 1407 678 ¹hostiles

284 716 437 782 exereitus
466 715 528 782 iusi
550 719 583 782 et
604 717 707 783 metus
737 717 838 784 omnis
865 716 945 783 dono
973 715 1151 781 diuinitatis
1173 709 1315 794 ablatus,
1330 715 1407 798 qnid

231 817 394 888 bdstatim
415 821 486 904 post
508 819 586 886 haee
607 819 711 885 omnia
732 819 886 885 bainus?
918 835 1125 902 oompensare,
1154 818 1254 898 eredo,
1276 818 1406 884 domino

284 923 341 988 deo
364 923 470 988 nostro
495 921 582 988 oultu
605 921 718 988 honore
739 922 916 987 reuerentia
936 920 1094 1005 banefioia,
1118 939 1196 1004 quae
1210 923 1249 989 ab
1264 934 1298 987 eo
1315 937 1405 987 aooe·

283 1028 430 1110 perimus,
453 1024 640 1102 adnitimur;
674 1025 838 1092 hoo‘enim
860 1029 909 1090 est
930 1041 1118 1108 oonsequens
1141 1025 1234 1107 alnus
1255 1025 1289 1089 id
1310 1023 1406 1089 etiam
1431 1043 1445 1084 a

283 1129 360 1194 usus
380 1129 466 1195 uitae
493 1128 647 1194 humanae
667 1127 773 1206 babet,
802 1129 838 1193 ut
859 1127 1014 1194 referatur
1036 1126 1141 1212 gratia
1162 1125 1407 1192 faeneratoribus

283 1231 457 1314 gratiarum
479 1233 511 1297 et
533 1230 686 1314 resipiant
707 1231 809 1296 uiotm
837 1239 1002 1296 munerum
1032 1233 1242 1296 munerantes.
1279 1233 1324 1296 ita
1349 1249 1406 1296 nos

283 1352 357 1418 ergo
376 1333 518 1400 'forsitan
549 1329 685 1399 saoimns
712 1335 807 1416 atque
828 1333 973 1400 humanis
995 1334 1106 1400 saltim
1128 1348 1200 1400 enm
1223 1333 1278 1398 deo
1300 1335 1410 1400 nostro

249 1519 253 1526 .
284 1437 540 1504 retributionibus
563 1437 699 1522 agentes,
724 1454 795 1502 oum
811 1437 851 1502 ab
868 1452 902 1504 eo
925 1439 1006 1504 bona
1028 1427 1209 1520 aoeipimus
1231 1435 1313 1501 bona
1335 1437 1418 1501 red-·

247 1529 397 1606 “fdimus
427 1542 466 1606 ad
489 1540 599 1606 domus
622 1539 770 1606 uidelioet
793 1540 1088 1607 dominioasstntim
1104 1541 1257 1605 omrimus
1280 1552 1446 1621 eorporaro

283 1643 371 1709 humi
405 1643 584 1723 sternimus,
616 1644 725 1709 mixtis
759 1661 831 1710 oum
866 1644 943 1710 fletu
973 1643 1095 1728 gaudiis
1124 1642 1336 1726 supplicamus
1357 1643 1408 1706 in·

283 1747 453 1812 lustramus
467 1746 612 1814 'donariis
633 1764 721 1812 saera
743 1746 864 1827 limina,
887 1765 957 1812 aras
971 1746 1152 1813 munenibus
1174 1746 1343 1828 implemus
1365 1748 1405 1824 et,

283 1849 356 1931 quia
377 1850 436 1931 ipsi
459 1849 539 1916 dono
555 1848 729 1915 illiusr'esti
744 1867 863 1930 sumus,
886 1849 1016 1933 templis
1031 1866 1151 1932 quoque
1166 1847 1265 1932 ipsius
1279 1847 1406 1914 uultum

282 1955 405 2016 nostrae
438 1950 622 2017 festinitatis
654 1950 814 2020 induimus
847 1953 902 2017 aut
928 1953 1026 2028 aerte,
1057 1955 1137 2035 quod
1163 1951 1193 2018 ei
1219 1967 1281 2018 non
1302 1952 1407 2016 minus

283 2051 369 2119 oordi
390 2053 447 2135 est,
469 2054 622 2137 prioribus
643 2056 728 2122 uitae
750 2055 846 2120 uitiis
854 2055 1082 2136 renuntiamus,
1105 2073 1233 2139 operum
1255 2057 1446 2122 honorumue

282 2155 428 2223 uictimas
462 2157 621 2224 caedimus
644 2161 677 2223 et
703 2175 760 2240 pro
788 2156 913 2243 gaudiis
945 2158 1035 2224 nouis
1067 2173 1164 2224 nouae
1197 2157 1405 2225 oannemionis

282 2259 401 2326 hostias
437 2259 652 2340 immolamus,
690 2261 843 2327 omnibus
871 2261 1004 2345 denique
1039 2261 1248 2328 immunditiis
1285 2255 1417 2326 bellum

282 2365 425 2429 sanatum
468 2364 651 2440 indidmus,
696 2349 847 2430 oiroorum
885 2365 1022 2430 insanias
1059 2364 1197 2447 fugimus
1237 2363 1406 2429 'foeditates

282 2466 486 2533 theatralium
502 2467 646 2533 ludorum
661 2486 849 2552 execramur,
873 2487 1022 2534 uouemus
1038 2467 1161 2534 domino
1176 2469 1415 2532 nouamuitam¹

234 2563 251 2620 t,
283 2569 376 2636 etad
398 2567 599 2653 optinendam
621 2572 687 2636 eius
709 2571 859 2653 perpetuo
880 2568 1105 2655 mutuationem
1119 2570 1323 2654 nosmetipsos
1348 2571 1449 2636 deoao

281 2671 502 2740 saorifioamus.

228 2795 272 2863 95
313 2789 443 2856 ’ΧἮΠ.
476 2789 555 2856 (ium
577 2794 653 2860 haee
676 2799 758 2878 ergo,
782 2812 861 2877 quae
883 2794 1029 2875 diximus,
1052 2803 1107 2877 pro
1121 2793 1300 2861 recentibus
1313 2792 1405 2859 bene-

280 2891 362 2957 fieiis
391 2893 441 2960 dei
469 2894 603 2962 debeant
630 2897 709 2976 fieri,
739 2897 901 2964 uideamus
929 2887 1011 2980 quae
1036 2898 1121 2964 fiant.
1157 2897 1198 2962 ad
1220 2897 1309 2962 ludos
1331 2887 1406 2979 pross

281 2995 368 3061 tinus
401 2997 538 3063 ourritur
571 3000 610 3065 ad
643 2998 782 3065 insanias
815 3001 1019 3078 oonuolatur,
1042 3002 1079 3066 in·
1107 2998 1239 3065 theatris
1271 2997 1405 3081 populus

281 3097 466 3164 diffunditur
494 3099 531 3164 in
559 3099 648 3166 oirois
678 3101 768 3185 plebs
792 3103 861 3166 tota
883 3101 1059 3167 baoohatur.
1097 3095 1152 3167 ille
1172 3101 1261 3167 nobis
1279 3100 1324 3165 ad
1345 3099 1442 3164 hones

280 3201 360 3266 bona
391 3204 541 3284 praestat,
575 3203 612 3268 ut
632 3203 708 3270 boui·
726 3203 836 3280 simus,
872 3219 927 3270 nos
948 3203 966 3270 e
988 3193 1122 3285 diuerso,
1157 3203 1299 3287 quotiens
1322 3205 1406 3268 bona

280 3303 462 3388 aoaipimus,
493 3305 577 3371 mala
609 3308 717 3372 nostra
750 3307 961 3373 cumulamus:
995 3307 1050 3374 ille
1077 3319 1140 3373 nos
1160 3306 1316 3372 benefieiis
1338 3306 1410 3371 suis

279 3409 372 3471 uooat
401 3407 440 3472 ad
469 3407 669 3490 probitatem,
703 3425 760 3474 nos
790 3410 910 3475 ruimus
933 3411 966 3475 iu
987 3410 1240 3493 improbitatem:
1270 3407 1327 3473 ille
1349 3425 1404 3473 nos

280 3507 435 3575 benefieiis
469 3512 534 3576 suis
565 3516 714 3594 prouooat
748 3513 788 3577 ad
819 3513 1097 3596 eompunotionem
1132 3527 1194 3582 nos,
1221 3509 1340 3576 ruimus
1371 3511 1414 3578 in.

280 3611 531 3680 dissolutionem:
555 3617 648 3680 uooat
669 3614 780 3680 illaad
796 3615 983 3700 beatitatem,
1006 3631 1062 3681 noe
1085 3615 1205 3678 ruimus
1222 3610 1444 3695 in-impuri-eo

227 3717 386 3790 oetatem
410 3715 566 3799 praeolaro
579 3715 730 3782 uidelieot
746 3720 842 3783 saeris
858 3719 1038 3783 muneribus
1061 3717 1297 3797 respondemus,
1314 3729 1404 3793 prae·

331 4005 345 4059 1
373 4003 484 4060 hostilm
511 4019 546 4058 aa
571 4001 679 4058 hostilis
706 4005 827 4060 Aoorr.
849 4019 884 4060 m.
902 4007 928 4070 2,
959 4002 1053 4057 hostili
1079 4001 1108 4056 Β
1210 4002 1228 4054 4
1253 3999 1402 4066 aooepimus

278 4091 309 4144 Β
409 4089 512 4159 largo
526 4087 583 4144 snos
606 4090 635 4144 Β
746 4090 780 4144 10
800 4087 895 4144 domus
917 4094 985 4144 mat.
1003 4104 1021 4142 u
1038 4088 1070 4142 ἐπ’
1086 4104 1102 4144 o
1119 4103 1153 4141 m.
1176 4101 1231 4165 reo.
1254 4085 1281 4138 A
1308 4084 1402 4137 domus

278 4176 307 4230 B
398 4177 430 4230 11
448 4175 538 4230 humi·
559 4175 587 4229 A
678 4177 712 4230 lo
728 4174 918 4243 oet'prioribus
936 4173 1009 4230 oordi
1027 4173 1055 4228 Β
1141 4171 1174 4226 16
1191 4167 1403 4248 oonueraationir

278 4260 307 4314 B
417 4259 618 4316 mesenates
643 4249 689 4315 eor*
703 4260 755 4314 ¹·tis
777 4264 805 4315 A
827 4273 898 4316 corr.
916 4263 988 4315 Μ
1098 4256 1146 4311 2⁰¹
1160 4254 1330 4324 optinendam
1357 4254 1402 4308 A=

279 4344 454 4401 obtinendam
472 4348 500 4402 B
600 4347 633 4402 31
651 4346 838 4416 respondemus
855 4365 889 4405 ex
907 4348 1009 4402 -dimue
1026 4347 1054 4401 A
1071 4359 1141 4401 corr.
1158 4343 1232 4398 aaa&
1388 4369 1404 4377 ·-
