2972 5000
261 378 287 437 X

261 570 359 650 canis
386 571 587 644 membran.
615 597 653 646 n.
684 576 757 649 554
784 598 878 648 saec.
906 573 1001 648 XIII
1028 579 1247 652 1115034
1274 601 1388 654 mem·

260 693 365 766 bran.
394 716 486 766 saec.
508 690 592 786 XV,
621 719 641 766 e
669 692 794 766 codice
822 692 1002 768 Vrbinata
1027 696 1229 772 membran.
1257 702 1388 770 1554

260 836 353 886 saec.
380 810 466 904 XII,
496 837 515 884 e
544 811 801 890 Vallicellianis
827 814 1029 888 membran.
1057 842 1094 890 1.
1117 819 1165 890 58
1193 841 1288 892 saec.
1315 818 1390 894 XV

260 941 296 1006 11
321 929 478 1008 chartac.
511 935 582 1006 125
610 959 703 1011 saec.
731 932 824 1008 XVI
851 959 880 1012 1.
908 933 1029 1010 XVII.

310 1077 379 1152 His
420 1079 625 1152 duumuiris
669 1079 734 1178 qui
775 1078 948 1153 triumuir
993 1071 1182 1156 codicibus
1222 1081 1390 1158 Saluiani

258 1186 395 1275 Italicis
431 1200 612 1274 adeundis
645 1201 820 1273 accedere
856 1200 1043 1276 1111111.
1071 1203 1389 1280 Zechmeister

258 1319 570 1408 Vindobonensia
607 1345 717 1418 quem
752 1320 892 1394 interea
925 1333 1162 1420 praematura
1188 1335 1304 1399 morte
1329 1324 1388 1400 111-

257 1439 344 1514 teris
379 1441 418 1514 in
452 1441 581 1539 primis
622 1440 765 1513 edendo
805 1439 892 1514 huic
923 1440 1145 1541 scriptorum
1172 1444 1388 1520 ecclesiasti-

259 1585 388 1634 corum
407 1559 552 1658 corpori
571 1569 738 1659 ereptum
756 1560 816 1634 uel
834 1560 994 1634 maxime
1017 1560 1143 1660 lugent
1161 1563 1388 1666 quicumque

254 1679 335 1754 'eius
386 1681 574 1780 ingenium
628 1680 866 1778 sagacitatem
916 1680 1115 1756 sollertiam
1167 1683 1387 1760 modestiam

257 1814 452 1891 nonerunt,
490 1801 530 1874 in
563 1825 686 1872 meum
723 1825 829 1873 usum
866 1811 924 1875 sat
960 1802 1086 1876 multis
1113 1802 1203 1877 11111
1232 1805 1388 1881 11111111

257 1920 465 1996 Florentiae
510 1921 673 1995 codicem
713 1921 1002 1995 Laurentianum
1047 1924 1250 1998 membran.
1292 1926 1385 2023 plut.

256 2041 368 2116 XXV
393 2068 428 2115 n.
459 2040 530 2116 VII
557 2066 653 2115 saec.
681 2038 767 2114 XV.
808 2041 913 2115 cuius
945 2041 1095 2140 quidem
1129 2045 1385 2120 triumuiratus

259 2187 345 2260 erga
379 2187 440 2234 me
474 2161 729 2236 liberalitatem
766 2163 829 2236 hic
862 2162 1070 2260 gratissimo
1107 2165 1230 2240 animo
1262 2165 1385 2241 recolo

257 2307 476 2380 semperque
503 2281 675 2356 recolam.

306 2429 387 2502 Iam
415 2428 605 2526 quaeritur
631 2453 727 2526 quae
754 2428 986 2528 singulorum
1010 2455 1104 2528 quos
1131 2456 1242 2530 supra
1267 2432 1385 2506 nomi-

254 2549 343 2622 naui
383 2548 553 2623 codicum
593 2549 641 2622 111
679 2548 878 2625 auctoritas
913 2562 949 2624 11
983 2575 1057 2648 quo
1097 2550 1385 2650 propinquitatis

257 2667 406 2743 uinculo
441 2670 537 2744 inter
572 2696 611 2754 11
639 2682 845 2747 teneantur.
887 2671 1010 2770 quode
1045 2673 1139 2746 scias
1174 2673 1272 2749 hanc
1307 2699 1386 2747 1111

255 2813 376 2863 meam
403 2791 637 2865 sententiam·
657 2817 767 2890 quam
795 2817 915 2891 nuper
940 2793 965 2867 l.
993 2791 1016 2866 l.
1044 2793 1249 2891 expositam
1276 2792 1385 2866 hodie

255 2909 372 2983 multo
402 2911 535 2986 certius
561 2913 758 3010 profiteor:

309 3065 488 3142 Omnium
517 3065 685 3140 codicum
713 3065 824 3164 longe
850 3066 1011 3165 optimus
1039 3078 1094 3140 est
1115 3067 1150 3140 A
1175 3078 1211 3141 et
1228 3067 1279 3140 ita
1305 3069 1386 3167 qui-

244 3187 341 3261 dem
367 3197 419 3281 ut,
446 3185 517 3260 nisi
545 3185 687 3285 aliquot
711 3186 865 3262 lacunas
889 3187 1044 3261 haberet
1068 3187 1267 3286 multisque
1293 3188 1385 3262 locis

255 3307 394 3386 oblitus,
428 3331 558 3388 exesus
593 3307 801 3404 perforatus
836 3307 910 3382 situ
937 3317 973 3382 et
998 3308 1150 3382 madore
1186 3319 1392 3408 corruptus.
1481 3375 1482 3382 .

256 3439 359 3522 esset,
388 3425 489 3502 aolus
515 3427 592 3501 lere
612 3427 662 3501 ad
684 3427 872 3526 scriptoris
890 3426 1091 3525 genuinam
1109 3453 1258 3502 manum
1276 3453 1392 3506 reuo-v

255 3547 410 3622 caudam
438 3560 533 3621 esset
569 3547 801 3623 suffecturus.
838 3547 1070 3645 vreliquorum
1096 3573 1185 3622 uero
1213 3548 1383 3624 codicum

253 3667 426 3768 princeps
452 3667 674 3742 iudicandus
693 3679 748 3742 est
773 3667 819 3761 B,
848 3667 897 3760 ad
915 3693 1028 3765 quem
1050 3668 1218 3767 proxime
1240 3668 1384 3747 accedit

258 3787 303 3878 T3
330 3787 395 3862 sed
421 3787 641 3886 plerumque
667 3790 702 3862 A
729 3799 765 3861 11
791 3787 827 3861 Β
853 3787 933 3884 soli,
967 3788 1029 3862 hic
1054 3787 1131 3862 11111
1156 3789 1204 3866 ab
1232 3789 1383 3880 editoris

253 3933 368 3982 manu
408 3906 656 3983 emendatrice
697 3907 823 4005 adiuti,
866 3906 913 3981 ad
948 3909 1194 4009 archetypum
1228 3910 1382 3986 resusci-

253 4027 408 4102 tandum
435 4027 525 4102 certi
556 4039 642 4100 sunt
670 4026 792 4112 (11111.

304 4181 488 4255 Nimirum
515 4207 568 4257 ex.
585 4181 681 4258 libro
709 4184 906 4285 archetypo
933 4185 1112 4284 originem
1140 4185 1287 4259 duxisse
1311 4205 1390 4281 pua

253 4299 357 4375 tandi
384 4314 472 4375 sunt
506 4301 581 4376 duo
617 4301 832 4403 apographi,
868 4330 1028 4403 quorum
1055 4305 1146 4380 alter
1172 4303 1382 4403 diligentius
