3036 5004
271 411 333 478 124
358 441 360 449 ι
532 391 537 401 ’
659 478 662 482 Δ
756 406 912 462 Saluiani

238 593 473 679 3perditionem
503 612 569 660 csso
599 595 780 658 multorum.
819 610 877 658 nec
904 593 1039 659 iniuria:
1072 594 1252 678 intellegere
1275 597 1303 661 is
1326 595 1396 678 qni·

268 716 401 779 cumque
423 699 536 781 legerit
558 698 649 764 debat
671 715 732 762 non
755 695 909 779 superflue
933 715 983 760 me
1001 696 1144 778 superius
1168 700 1205 764 de
1227 716 1289 764 uno
1314 699 1394 764 malo

268 801 372 883 aliqua
400 799 522 880 dixisse,
554 818 625 865 cum
656 800 777 865 seilicet
799 798 1052 882 frequentissime
1075 801 1199 866 diuinae
1221 803 1395 868 maiestatis

267 903 428 969 iracundia
450 903 547 969 etiam
568 921 623 986 per
646 921 743 966 unum
766 902 891 982 legatur
914 920 1052 968 accensa.
1092 903 1146 968 sed
1172 921 1229 986 ego
1252 921 1314 968 non
1336 921 1396 988 ago

266 1007 325 1072 hac
356 1005 549 1072 districtione
577 1025 639 1088 qua
667 1006 745 1071 dico.
783 1024 882 1088 neque
910 1005 992 1070 onim
1023 1024 1147 1071 necasse
1170 1007 1218 1071 cst
1240 1007 1276 1071 nt
1298 1025 1438 1072 nnuma

268 1109 375 1176 obesse
397 1111 539 1175 omnibus
562 1112 723 1192 putemus,
756 1125 835 1174 cum·
850 1125 956 1174 omncs
980 1109 1089 1173 mutuo
1112 1107 1174 1172 sibi
1196 1109 1314 1175 obsint:
1336 1127 1396 1174 non

268 1213 412 1279 conuenit
439 1215 474 1276 ut
503 1231 558 1294 per
586 1230 683 1276 uuum
712 1214 838 1275 cunctos
861 1209 1032 1293 periclitari
1055 1213 1217 1293 putemne,
1247 1232 1319 1277 cnm
1341 1231 1396 1296 per

267 1333 300 1380 se
324 1317 428 1380 cuncti
450 1315 676 1397 periclitentur.
707 1330 813 1379 omncs
836 1313 920 1378 enim
945 1315 1111 1379 admodum
1134 1313 1167 1380 in
1190 1315 1396 1397 perditionem

237 1413 365 1484 4ruunt‘
385 1421 441 1483 aut
462 1422 553 1498 corte,
577 1419 613 1482 ut
635 1418 754 1502 aliquid
776 1417 877 1483 dicam
899 1417 1011 1497 lenius,
1038 1433 1136 1499 paene
1159 1435 1274 1485 omnes.
1314 1419 1397 1484 unde

267 1519 349 1586 enim
378 1520 436 1586 troc
465 1523 580 1586 bonum
607 1521 720 1603 populo
750 1511 936 1596 Christiano,
965 1522 1003 1584 nt
1032 1525 1087 1585 aut
1110 1519 1289 1587 minorant
1312 1522 1437 1587 corteno

267 1622 425 1689 ualidam
448 1625 529 1689 meet
557 1624 711 1689 malorum
740 1639 889 1688 numerus
912 1621 966 1704 qui
988 1621 1163 1688 bonorum?
1194 1642 1211 1689 o
1235 1624 1396 1690 miseriam

266 1725 511 1793 lacrimabilem!
535 1725 727 1792 omiseriam
742 1727 935 1791 luctuosam!
960 1740 1054 1807 quam
1071 1725 1233 1792 dissimilis
1249 1728 1299 1792 cot
1313 1742 1397 1793 nune

267 1847 286 1894 a
308 1847 339 1894 se
362 1832 428 1911 ipso
450 1831 581 1912 populus
596 1827 802 1908 Christianus,
826 1827 922 1892 idest
939 1828 977 1892 ab
994 1845 1040 1906 eo,
1063 1829 1116 1910 qui
1140 1829 1202 1894 fuit
1224 1831 1397 1913 qnondam!

266 1934 341 1996 tnnc
369 1932 513 2013 princepe
541 1931 755 2015 apostolarum
776 1930 890 1996 Petms
918 1933 1074 1996 Amanium
1098 1933 1128 1995 et
1151 1931 1292 2016 uanum,
1323 1933 1398 2014 quia

266 2033 394 2098 mentiti
421 2036 539 2114 essent,
571 2037 671 2100 morte
701 2034 861 2100 multauit.
900 2033 1098 2100 beatissimus
1128 2053 1249 2118 qnoque
1278 2036 1436 2101 Paulusne

266 2135 361 2202 etiam
384 2155 482 2202 unum
505 2138 543 2203 de
565 2136 697 2202 ccclesia
719 2136 838 2202 malum
861 2137 990 2220 expulit,
1013 2155 1053 2202 ne
1074 2140 1222 2204 contactu
1244 2155 1300 2204 sno
1324 2139 1398 2221 plu·

236 2239 363 2307 trimos
379 2241 564 2322 inquinaret.
590 2257 673 2306 nune
688 2255 744 2305 nos
761 2241 856 2306 etiam
877 2242 945 2324 pari
960 2242 1122 2324 utriusque
1143 2243 1243 2323 partis
1267 2259 1397 2306 numero

267 2343 406 2409 contenti
429 2361 548 2412 snmus.
586 2344 619 2409 ct
640 2345 716 2428 quid
737 2343 879 2410 contenti
898 2345 1022 2410 dicam?
1053 2345 1192 2409 exultare
1207 2339 1269 2410 'nos
1292 2346 1397 2427 potius

265 2463 303 2514 ao
325 2448 497 2532 tripudiare
530 2449 641 2532 gaudio
676 2449 866 2532 conueniret,
901 2447 929 2512 si
959 2447 1103 2530 parilitas
1126 2447 1215 2514 nobis
1238 2447 1301 2512 ista
1323 2459 1397 2514 oon-

264 2550 410 2636 tingcnot.
450 2569 521 2616 ecce
549 2553 580 2615 ln
614 2549 689 2632 quid
722 2549 898 2632 recidimus,
932 2568 1002 2617 ecee
1032 2553 1065 2615 in
1096 2550 1171 2633 quid
1203 2553 1274 2632 post
1306 2550 1435 2616 illemm

266 2651 433 2720 Christiani
456 2653 563 2736 populi
591 2654 779 2736 puritatem,
811 2669 872 2738 qua
895 2669 1000 2720 omnes
1022 2653 1177 2736 quondam
1201 2651 1397 2718 immaculati

370 2859 404 2912 14
420 2858 515 2914 Actio
619 2858 763 2914 15100rt
781 2855 842 2924 5,6

318 3050 332 3104 1
356 3048 398 3104 his
421 3048 449 3103 Β
553 3047 691 3118 ileperit
718 3063 751 3102 cu
770 3047 870 3116 legeret
887 3048 915 3101 A
933 3063 1004 3102 corr.
1019 3051 1090 3102 Μ
1192 3045 1210 3102 3
1233 3046 1338 3103 dixisse.
1367 3047 1397 3100 at

265 3151 326 3192 cum
350 3137 378 3190 A
480 3135 498 3188 4
523 3149 585 3206 cogo
605 3134 661 3200 (cic)
681 3149 711 3188 ec
730 3137 761 3200 (e.
775 3148 826 3188 scr.
844 3135 912 3188 m.2
930 3132 959 3200 h)
977 3133 1005 3186 A
1107 3133 1123 3186 5
1147 3132 1316 3187 districtione
1338 3131 1396 3186 AB

265 3222 348 3292 (puori
374 3220 551 3276 retimeudum
572 3219 678 3288 putaui
703 3219 770 3288 puio
797 3217 890 3272 codem
915 3208 1115 3288 eipuipicutiome
1138 3239 1173 3266 =
1194 3217 1338 3273 seueritate
1364 3219 1397 3271 im

265 3309 389 3363 ommibus
406 3307 482 3363 codd.
501 3305 622 3361 romarii
639 3305 677 3359 od
694 3303 769 3360 Eccl.
789 3303 811 3358 1
826 3306 868 3370 50,
886 3303 942 3370 ubi,
960 3303 1033 3372 quod
1049 3304 1081 3357 iu
1097 3303 1221 3360 transitu
1235 3304 1395 3370 monuerim,

265 3407 322 3448 uoce
348 3394 479 3448 seueritas
502 3391 660 3460 pruaoedit;
685 3397 803 3446 omarum
829 3390 864 3457 εἰ
891 3389 1093 3458 Nipperdcium
1122 3389 1186 3445 Tuo.
1214 3391 1290 3445 Aua.
1318 3389 1401 3444 IIII

266 3481 302 3535 36
327 3479 484 3548 Kmpuum
512 3477 572 3532 Vol.
595 3477 675 3533 Mau.
699 3476 785 3543 119,
810 3479 838 3543 6)
869 3474 1042 3530 destrictiona
1067 3475 1200 3530 Halmius
1228 3476 1396 3530 restrictione

266 3566 448 3633 couptdemtiua
470 3563 617 3633 proposuit
642 3562 818 3619 FXHirucr
844 3565 877 3620 'm
898 3575 1041 3632 propium.
1066 3561 1257 3633 Flammam
1280 3565 1396 3617 u.1869

264 3668 292 3721 p.
311 3655 345 3706 15
447 3650 464 3705 6
488 3651 612 3720 putemus
631 3649 763 3704 Halmius
786 3655 870 3714 recte,
888 3653 921 3703 ut
939 3647 1028 3716 poulo
1044 3653 1108 3716 poet
1125 3653 1166 3703 cot
1182 3649 1214 3703 iu
1233 3649 1277 3702 A:
1302 3649 1396 3718 putem

265 3739 292 3791 A
316 3737 362 3805 (dc
379 3736 406 3791 B
424 3737 518 3792 Halm
543 3751 601 3792 mou
622 3735 701 3803 adu.)
805 3737 897 3803 putem
923 3734 951 3790 B
1053 3735 1070 3788 8
1095 3734 1310 3804 impertitionem
1335 3734 1395 3799 (eici

264 3823 293 3878 A
395 3824 412 3878 9
435 3825 562 3878 munta
578 3824 611 3876 ut
628 3822 656 3878 A
672 3821 721 3876 aad
736 3822 769 3876 im
786 3835 873 3891 muup.
892 3837 929 3876 m.
945 3822 1083 3878 caecatae
1102 3819 1167 3880 odd.
1186 3822 1237 3876 aut
1253 3823 1325 3874 certe

265 3909 369 3979 aliquid
386 3913 414 3964 A
432 3915 457 3964 et
474 3908 544 3964 comit
563 3909 778 3966 Rr'ttcrolruciue:
806 3908 882 3964 aliud
902 3908 938 3962 B,
1036 3907 1069 3962 10
1091 3907 1179 3964 minor
1201 3905 1257 3961 AB
1281 3911 1307 3962 ct
1324 3907 1396 3964 comi.

265 3996 469 4052 Bittcrslruaiuc
492 3996 564 4063 (moa
586 3997 658 4052 certe
679 3995 779 4060 minor,
803 4000 836 4048 ut
858 3994 917 4050 reli.
941 3990 1032 4062 codd.,·
1058 3999 1178 4050 catum
1194 3992 1283 4050 minor
1299 3994 1347 4046 ant
1364 3993 1397 4047 iu
1513 4001 1514 4004 ’

264 4083 293 4138 A
315 4091 348 4138 aa
365 4089 448 4151 porte
471 4082 588 4138 euomuit
611 4087 637 4136 et
660 4082 692 4136 im
714 4094 801 4150 muru
818 4097 851 4134 m.
870 4081 1009 4140 raumara.
1030 4080 1097 4136 cdd.
1113 4083 1145 4134 ut
1162 4081 1211 4134 aut
1227 4079 1324 4148 minor)

266 4169 301 4223 14
325 4169 476 4224 maniam
504 4169 532 4225 A
635 4167 778 4236 Saphiram
804 4167 832 4220 B
936 4167 968 4220 17
994 4166 1082 4235 partis
1105 4181 1138 4222 cu
1159 4167 1250 4234 parics
1271 4165 1300 4220 A
1323 4180 1394 4224 corr.

264 4257 337 4312 Μ
440 4256 474 4312 18
491 4255 611 4323 contepti
631 4253 659 4308 B
762 4251 796 4308 20
816 4253 845 4307 in
863 4252 928 4322 qnid
947 4268 981 4308 ccc
997 4251 1089 4322 inquit
1107 4266 1177 4308 corr.
1197 4251 1229 4306 im
1246 4268 1263 4306 u
1280 4251 1394 4310 Brisaei·

264 4355 368 4398 camus:
395 4341 488 4409 inquit
504 4347 546 4396 ier
564 4340 620 4394 AB
723 4337 868 4393 recedimus
886 4339 941 4392 AB
