3068 5012
488 439 528 495 ad
546 439 724 496 eeclesiam
745 439 760 494 Ι
777 445 792 504 ξ
809 439 920 494 43-49.
1202 437 1265 504 239

132 635 198 713 est,
220 637 258 700 ιιι
279 632 403 700 morbos
424 641 497 696 suos
519 631 704 714 languentes
727 629 883 707 teneant,
914 646 1021 692 curare
1044 628 1153 710 plagas
1175 626 1264 690 festi-

134 738 211 802 nent
243 737 342 803 sandi
365 737 397 800 et
418 733 530 799 iliooe
562 733 742 816 corporibus
777 730 910 815 sagittas
944 731 1069 813 rapiant
1096 728 1265 794 uulnerati.

133 841 252 923 optime
285 839 370 905 enim
403 837 561 919 malagma
579 836 645 901 'uel
678 835 775 899 fibula
808 832 917 899 calidis
949 831 1051 898 adhue
1079 831 1264 896 uulneribus

133 944 305 1026 inponitur,
328 943 360 1008 et
382 939 477 1006 eitius
500 939 562 1005 sibi
584 938 750 1021 plagarum
773 953 842 1002 earo
865 936 1013 1018 suuntur,
1037 953 1115 1018 quae
1130 952 1192 1000 non
1213 936 1267 1000 diu

111 1047 221 1111 shiare
256 1045 460 1127 permittitur.
494 1044 585 1106 uleus
605 1041 729 1122 *quippo
754 1041 790 1106 in
821 1057 957 1121 eorpore,
990 1037 1018 1102 si
1040 1037 1266 1121 amputationi,

132 1150 298 1226 dilatatur,
331 1151 364 1212 et
393 1147 420 1212 si
441 1145 558 1228 plagas
584 1157 753 1209 aanoroma
781 1145 931 1224 sequitur,
965 1159 1113 1208 sanorum
1143 1153 1267 1206 neeesse

134 1255 184 1316 est
208 1253 413 1333 consequatur
437 1263 571 1313 occasus.
600 1246 749 1330 fugienda
770 1247 876 1328 itaque
899 1246 1035 1328 primum
1059 1245 1135 1310 baea
1156 1241 1317 1326 peaes-47

133 1355 256 1420 toribus
284 1353 369 1418 mala
398 1352 474 1417 tunt
500 1361 556 1416 neo
575 1351 706 1416 ¹dendus
736 1349 860 1414 diabolo
882 1351 980 1426 loeus,
1010 1353 1046 1412 ut
1069 1351 1123 1430 qui
1146 1350 1267 1413 stantes

132 1457 253 1540 inpulit
280 1457 315 1522 in
345 1457 468 1520 ruinam
499 1454 601 1536 lapsos
631 1454 817 1536 praeeipitet
839 1455 871 1518 in
894 1457 1036 1518 mortem.
1075 1451 1185 1533 quodsi
1212 1451 1267 1514 aut

100 1561 227 1624 rotante
248 1562 297 1624 nis
319 1558 422 1624 morbi
445 1561 501 1624 aut
522 1562 613 1624 tanta
635 1561 834 1642 aegrotorum
856 1555 952 1622 fuerit
973 1555 1102 1632 inauris,
1125 1555 1163 1618 ut
1183 1553 1267 1618 uali-

132 1662 256 1728 tudinis
279 1662 383 1728 labem
398 1675 503 1743 'usque
527 1661 645 1727 addiee
669 1661 796 1726 ultimos
811 1660 928 1736 trahat,
953 1658 1027 1740 quid
1044 1658 1143 1722 diuam
1156 1656 1266 1721 neseio

134 1766 212 1848 quid
234 1765 420 1847 promittam
443 1765 569 1845 penitus
585 1764 705 1846 ignoro.
727 1779 873 1828 renodare
889 1763 928 1826 ab
943 1761 1146 1843 inquisitione
1160 1758 1268 1824 ultimi

134 1870 265 1935 remedii
293 1869 505 1952 periclitantes
534 1868 647 1940 durum
670 1869 702 1931 et
730 1867 871 1948 impium,
902 1866 1051 1948 spondere
1080 1866 1186 1928 autem
1208 1862 1266 1926 ali-

134 1974 210 2055 quid
240 1975 272 2037 in
302 1976 370 2038 tam
398 1991 467 2038 sera
497 1971 654 2036 curatione
683 1971 895 2035 temerarium.
935 1970 988 2034 sed
1014 1967 1129 2032 melius
1160 1972 1268 2032 tamen
1276 1962 1318 2027 48

101 2080 184 2141 nssst
217 2075 334 2158 absque
368 2076 462 2142 dubio
496 2075 640 2157 quamuis
670 2076 819 2138 diuturna
853 2073 990 2156 paralysi
1009 2072 1123 2135 atridas
1157 2087 1268 2134 manus

135 2179 242 2260 aliquo
265 2182 369 2242 tamen
392 2177 463 2243 uisu
486 2177 524 2242 ad
549 2177 671 2242 saalum
694 2177 771 2260 erigi
788 2193 882 2258 quam
905 2175 996 2239 letali
1013 2175 1143 2256 penitus
1159 2173 1267 2254 despe-

133 2281 256 2346 ratione
278 2280 426 2344 dissolui:
450 2279 563 2344 melius
585 2282 633 2344 est
656 2279 736 2344 nibil
758 2279 955 2360 inexpertum
974 2277 1149 2359 relinquere
1172 2295 1266 2357 quam

134 2385 323 2449 morientem
351 2384 440 2450 nulla
467 2398 584 2462 aurare,
613 2383 748 2448 maxime
777 2382 851 2463 quia
872 2381 973 2445 neseio
997 2399 1037 2444 an
1059 2381 1094 2444 in
1116 2378 1265 2454 extremis

127 2486 257 2569 >aliquid
285 2489 441 2571 temptare
470 2485 626 2551 medisina
648 2485 699 2564 sit,
730 2488 813 2550 uerte
843 2484 922 2548 nihil
943 2484 1099 2564 temptare
1121 2481 1266 2563 perditio.

101 2595 167 2656 eost
188 2609 287 2655 unum
309 2592 382 2668 soie,
406 2590 486 2672 quod
509 2591 695 2671 quicumque
717 2589 751 2653 in
766 2590 844 2654 hano
858 2587 1018 2652 miseriam
1033 2587 1117 2668 longi
1131 2585 1263 2668 languo-

131 2694 177 2758 ris
206 2695 346 2758 extrema
373 2693 551 2774 perduxerit
585 2694 743 2760 ineffabile
774 2693 861 2758 diotu
892 2696 940 2757 est
970 2693 1122 2774 quantum
1144 2691 1263 2755 lamen·

134 2795 269 2862 tabernis
291 2797 445 2862 erroribus
468 2799 533 2863 suia
556 2797 677 2876 debeat,
708 2798 761 2879 qni
789 2815 961 2880 numquam
983 2795 1086 2860 errata
1109 2793 1264 2876 eognouit.

180 2917 220 2981 X.
251 2919 292 2982 Et
314 2917 390 2999 quid
410 2917 494 2981 inter
508 2917 583 2982 haee
599 2917 678 2982 fiet?
700 2917 823 2999 quando
838 2914 963 3000 lugebit
978 2915 1032 2997 qui
1047 2913 1114 2979 dies
1137 2911 1268 2997 lugendi
1277 2909 1318 2976 49

134 3020 297 3104 perdidit?
325 3021 448 3102 quando
471 3019 646 3084 satisfaciet
667 3023 721 3101 qui
743 3021 868 3101 tempus
892 3018 1114 3083 satisfaotienis
1137 3017 1268 3081 amisit?

102 3127 176 3191 aad
198 3123 315 3188 ieiunia
337 3124 485 3188 uidelioet
507 3124 602 3206 longa
625 3121 795 3206 confugiet.
833 3124 881 3186 est
909 3122 1034 3203 quidem
1058 3120 1115 3184 hoe
1137 3116 1266 3200 aliquid,

135 3227 165 3290 si
186 3226 390 3308 eleemosynis
405 3228 585 3304 misoeatur,
610 3226 782 3290 seeundum
803 3224 901 3289 illud:
924 3222 1063 3288 bonurn
1086 3226 1145 3286 est
1167 3220 1266 3285 ieiu-

135 3331 243 3396 nium
282 3343 365 3393 eum
402 3332 661 3412 eleemosyna.
710 3327 765 3393 sed
798 3327 949 3410 quomodo
984 3328 1012 3390 ei
1045 3324 1265 3407 exomologesis

135 3435 286 3500 diuturna
309 3433 514 3514 opitulabitur
536 3432 568 3496 in
591 3434 739 3497 extremis
763 3429 847 3496 sito?
870 3433 923 3496 sed
939 3429 1041 3494 oiliaio
1065 3446 1174 3494 oannes
1197 3445 1266 3492 oon·

135 3537 221 3604 teret
248 3553 286 3601 aa
314 3534 426 3600 fauilla
453 3537 486 3600 et
514 3535 616 3601 cinere
644 3533 826 3612 sordidabit,
859 3538 895 3599 ιιι
922 3533 1093 3600 mollitiem
1120 3530 1267 3596 uidelieet

239 3749 273 3804 26
297 3745 364 3802 nob.
384 3747 425 3814 12,
443 3748 460 3802 8

15 3995 16 4000 ,
187 3945 297 4000 ailino
314 3945 342 3999 Β
444 3945 582 3999 6dilatnr
598 3944 627 3998 Β
730 3944 807 3999 lest
825 3959 886 3998 oum
904 3944 1032 4012 sequatur
1050 3943 1077 3997 Β
1174 3941 1267 3996 8dia·

137 4031 201 4087 bulo
219 4033 247 4086 A
345 4029 615 4086 lassitudinibus
631 4029 711 4086 uelit
727 4045 799 4086 eoru.
816 4033 882 4084 Μ
898 4030 926 4083 A
1023 4029 1055 4082 11
1074 4028 1153 4097 nequi
1171 4029 1198 4081 Β

138 4118 171 4172 12
194 4109 363 4186 poenitus'B
466 4117 500 4172 15
521 4115 635 4186 paralisi
658 4116 687 4170 Β
790 4115 951 4169 litandam
964 4129 1019 4182 pro
1036 4117 1128 4167 tamen
1146 4113 1188 4167 eal.
1207 4113 1266 4166 Bo·

137 4204 227 4258 lasiae
313 4201 573 4272 diursandeins
653 4201 688 4256 22
703 4201 764 4272 qui]
781 4199 881 4270 quiap
898 4201 1045 4267 sustracto
1137 4199 1172 4254 24
1189 4199 1268 4254 satis·

137 4289 300 4344 sandonibus
323 4289 353 4343 Β
459 4288 494 4343 26
517 4289 675 4363 elemosynis
697 4288 726 4342 A
752 4287 907 4358 elymosinis
930 4287 958 4341 Β
1059 4285 1092 4340 27
1115 4287 1268 4365 elemosyna

139 4378 165 4428 A
192 4375 342 4446 elymosina
359 4373 387 4429 Β
490 4375 693 4443 exomologessis
710 4374 739 4428 Β
1171 4405 1174 4412 -
