3036 5004
441 391 478 446 do
495 390 631 460 gubern.
650 391 702 446 dei
721 391 759 448 VI
777 395 793 457 ἕ
810 389 920 447 tit-⁴99.
1181 393 1243 460 153

12 612 14 686 p
117 580 203 647 olere
231 583 313 647 dona
334 580 400 647 eius
421 580 473 647 uel
500 581 768 665 agnoeoimnsuel
789 580 987 662 honoramus,
1016 581 1070 665 qui
1092 583 1242 665 quantum

12 687 13 764 t
117 685 159 750 ab
180 697 220 750 eo*
238 678 390 752 benefitii.
414 684 584 767 aeoipimus
616 685 746 750 tantum
768 685 797 750 ei
819 681 1003 750 iniuriarum
1030 701 1240 769 repensamus.

118 790 174 854 aut
203 787 318 854 iniuria
350 789 398 854 dei
427 788 489 854 hoe
516 788 596 854 forte
625 803 687 853 non
717 792 843 854 ost‘aut
865 805 930 854 ome
951 787 1107 873 indignior
1129 789 1241 871 potest,

11 903 13 982 j
117 922 133 954 a
155 889 265 956 multis
286 907 323 957 ao
345 891 468 975 magnis
491 923 507 956 a
529 907 607 974 opus
629 891 694 956 siti
731 889 785 956 sad
808 892 880 975 quia
901 889 1078 957 inueterata
1097 891 1131 958 in
1152 891 1252 958 no'bis'

11 985 12 1032 i
95 996 275 1059 amalorum
298 993 532 1060 omnium-tabe
552 993 645 1060 alitor
667 995 732 1060 ium
745 1011 806 1060 non
829 993 1024 1060 uitiosiosse
1046 1011 1108 1070 nou
1127 993 1239 1077 possu-

115 1113 198 1175 mus,
229 1096 291 1162 nisi
312 1098 351 1162 ut
369 1097 496 1163 omnino
525 1093 723 1176 nausimus,
754 1110 833 1179 quae
862 1096 896 1163 in
924 1095 1024 1176 nobis,
1052 1113 1146 1180 topos
1170 1114 1240 1180 spes

11 1255 12 1290 ζ
115 1197 218 1264 bonae
239 1198 338 1280 frugis
360 1199 437 1265 est?¹
458 1198 512 1283 qui
534 1198 712 1282 ignorantia
738 1203 868 1281 pooeant
889 1217 992 1268 errore
1014 1201 1130 1286 agnito?
1143 1197 1291 1264 torri-97

11 1297 12 1342 Ὗ
114 1306 248 1385 guntur:
271 1301 326 1386 qui
348 1301 504 1386 religionis
527 1304 666 1386 expertes
689 1304 772 1387 sunt,
795 1321 873 1370 oum·
888 1305 1091 1370 mutauerant
1113 1305 1250 1379 sentam

114 1405 241 1469 mutere
268 1401 422 1489 incipiunt
451 1405 665 1489 disuiplinam:
698 1407 913 1489 postremum·
928 1410 965 1472 nt
994 1404 1069 1486 dixi,
1100 1404 1154 1487 qui
1185 1403 1245 1470 aut·

82 1533 105 1572 n
114 1508 308 1574 abundantia
330 1509 428 1576 nimia
448 1511 505 1572 aut
525 1508 693 1574 securitate
718 1509 884 1591 uitiantur,
913 1508 1149 1574 desinunt‘osee
1170 1524 1247 1589 per··

114 1607 186 1687 diti,
210 1627 282 1674 oum
304 1611 482 1677 destiterint
510 1629 574 1676 esee
605 1613 714 1678 seouri.
751 1630 807 1678 nos
829 1631 885 1678 neo
906 1612 1083 1697 ignorantia
1104 1611 1251 1677 labimur¹

115 1731 174 1778 neo
202 1712 363 1796 religionis
393 1714 532 1798 expertes
562 1733 670 1780 sumus
696 1733 753 1782 neo
774 1715 977 1799 prosperitate
1006 1732 1110 1781 rerum
1131 1732 1167 1779 ao
1189 1731 1239 1779 se·

9 1879 10 1896 p
114 1815 250 1881 ueritate
272 1818 518 1900 corrumpimur:
549 1818 652 1885 omnia
681 1819 835 1907 siquidem
858 1817 1019 1885 edinerus
1043 1822 1126 1884 sunt.
1163 1817 1241 1883 reli·
1249 1824 1292 1890 98

113 1918 243 2002 gionem
266 1920 410 2012 nouimus
432 1921 608 2006 ignorantia
630 1915 697 1992 non²
713 1935 1039 2004 eroueamur,·paoom
1065 1921 1097 2008 et
1112 1917 1239 1986 diuitias

81 2047 105 2088 15
113 2020 256 2105 priorum
285 2026 460 2105 temporum
483 2009 545 2116 nor'r¹
574 2010 734 2108 habemns,
769 2025 882 2106 omnia,
910 2041 989 2107 quoe
1016 2023 1151 2102 fuerunt,
1186 2024 1241 2090 eut

114 2125 227 2192 ablata
246 2127 303 2192 aut
324 2125 493 2195 immutata
515 2132 606 2202 sunto
626 2128 694 2192 sole
715 2128 840 2194 tantum
855 2125 935 2193 uitia
957 2127 1129 2192 creuerunt.
1159 2125 1241 2194 nihil

114 2227 207 2294 nobis
230 2228 268 2295 de
290 2247 367 2312 paee
389 2233 421 2295 et
443 2230 648 2313 prosperitate
675 2227 811 2313 pristina
838 2228 993 2312 reliqnmn
1021 2230 1069 2294 oet
1090 2227 1158 2294 nisi·
1174 2228 1247 2294 sola:

113 2330 244 2399 omnino
279 2331 419 2408 crimina,
454 2351 531 2416 quae
559 2333 794 2416 prosperitatem
823 2350 884 2398 nou
906 2349 973 2396 esse
995 2330 1146 2396 feoerunt.
1185 2330 1239 2396 ubi

115 2453 252 2517 namque
279 2438 353 2500 sunt
381 2437 529 2519 antiquae
552 2435 764 2502 Romanum
793 2452 864 2518 opos
891 2451 928 2499 eo
950 2434 1140 2516 dignitates?
1177 2434 1240 2499 for·

78 2537 232 2603 artissimi
254 2539 410 2620 quondam
424 2539 557 2605 Romani
579 2540 670 2605 erant
691 2556 774 2605 nuno
795 2539 861 2603 eine
887 2535 1026 2602 uiribus:
1049 2535 1241 2603 timebantur

111 2639 247 2706 Romani
269 2641 401 2721 ueteres,
424 2658 479 2706 uos
502 2642 668 2707 timemus:
692 2638 940 2726 uectigalieillis
954 2639 1116 2705 soluebant
1133 2639 1239 2723 populi

113 2745 329 2821 barbarorum,
363 2761 418 2808 nos
450 2743 622 2828 uectigales
655 2743 799 2810 barbaris
829 2761 946 2808 sumus.
984 2741 1124 2808 uenduut
1153 2742 1240 2809 nobis

111 2847 220 2911 hostes
242 2845 321 2910 lueis
345 2863 479 2924 usuram,
502 2850 571 2912 tota
592 2847 761 2911 admodum
783 2845 868 2912 selus
891 2844 996 2910 nostra
1019 2845 1242 2911 commercium

113 2951 172 3015 est.
214 2946 453 3013 oinfolioitates
475 2949 614 3013 nostrae!
648 2952 686 3014 ad
714 2949 790 3030 quid
818 2947 1019 3013 deuenimus!
1053 2949 1085 3012 et
1105 2965 1161 3030 pro
1183 2948 1292 3020 hoo99

77 3051 236 3132 eugratiae
259 3050 396 3115 barbaris
414 3050 547 3134 agimus,
570 3048 715 3134 aquibus
731 3069 786 3115 nos
801 3051 883 3133 ipsos
898 3049 997 3130 pretio
1014 3067 1240 3132 comparamus.

112 3153 193 3237 quid
221 3153 323 3236 potest
351 3170 418 3218 esse
448 3152 536 3218 nobis
563 3152 614 3217 uel
635 3151 784 3217 abientius
808 3151 860 3216 uel
882 3149 1049 3215 miserius?
1082 3155 1114 3216 et
1136 3152 1239 3217 uiuere

165 3375 183 3428 2
200 3373 361 3426 iniuriarum
377 3373 409 3426 in
425 3389 442 3428 o
460 3373 519 3441 (qni
534 3372 616 3426 tutet
633 3371 770 3437 iniuriam)
787 3385 870 3440 mnrp.
889 3369 1090 3424 Brmeioaane:
1111 3370 1239 3424 iniuriam

109 3459 140 3512 A
166 3456 282 3511 iniurias
299 3456 328 3510 Β
428 3456 445 3510 3
465 3461 527 3524 post
543 3456 632 3524 potest
649 3455 781 3509 Halmius
797 3459 870 3508 reete
886 3455 984 3508 emoto
1000 3454 1130 3508 &motam
1147 3459 1240 3523 (quam

109 3543 301 3598 Braeea'onroue
317 3541 415 3596 leuiter
432 3542 525 3610 cooptet
541 3541 574 3594 ise
591 3556 607 3594 v
624 3555 711 3608 murp.
728 3537 794 3592 aad.
812 3541 884 3604 aut);
902 3554 953 3592 nos
963 3541 994 3592 in
1007 3538 1154 3594 Sita-Ber.
1162 3556 1193 3607 p.
1205 3546 1240 3596 10

104 3628 320 3698 propostam:
340 3625 431 3698 (oum)
449 3627 545 3680 multis
563 3629 591 3679 et
608 3627 714 3694 magnis
732 3623 804 3695 (gris
821 3624 840 3677 i.
858 3640 880 3678 e.
898 3622 1010 3693 gratiis)
1028 3639 1094 3694 opus
1112 3625 1171 3678 sit?

108 3715 128 3769 4
152 3714 200 3768 eod
224 3713 380 3767 animarum.
408 3713 472 3782 quia
494 3713 643 3767 inueterata
665 3713 692 3766 A
719 3712 765 3766 sed
787 3712 937 3766 inueterata
959 3709 1023 3779 quia
1039 3711 1188 3764 animarum
1212 3709 1240 3763 B

108 3800 221 3868 (iocum
237 3803 398 3867 mmuptoem
414 3813 469 3852 eaeo
487 3797 661 3864 manifestum
679 3797 725 3852 est’
743 3797 890 3862 Halms'aep
915 3811 967 3850 noe
989 3794 1137 3849 animorum
1154 3795 1239 3849 mer-

105 3883 556 3954 potatoritroimimaai.i.p.12;
575 3883 772 3950 artmano
791 3883 918 3936 nimirum
1021 3879 1115 3936 dlabo
1132 3895 1166 3935 eoo
1183 3879 1239 3933 labi

110 3971 141 4023 A
158 3985 229 4025 sorr.
246 3985 281 4024 m
293 3972 322 4035 2,
342 3970 407 4024 item
423 3969 517 4023 rtatim
534 3968 621 4038 frugis
638 3985 672 4024 oro
691 3983 751 4038 -ges
856 3968 871 4020 7
893 3969 979 4023 uerba
1002 3983 1088 4022 errore
1109 3966 1239 4035 agnito-

110 4059 233 4126 expertee
256 4057 321 4110 sunt
343 4056 375 4110 in
392 4056 420 4110 A
436 4060 500 4124 port
517 4071 532 4110 e
552 4055 658 4110 diuerso
685 4057 719 4124 (o.
744 4055 785 4124 13)
810 4055 939 4126 leputatur
1039 4055 1056 4108 8
1079 4069 1138 4108 oum
1162 4052 1238 4120 mut]

111 4143 350 4198 eommutanerunt
366 4142 422 4196 AB
509 4141 526 4195 9
544 4144 677 4210 postremo
695 4143 723 4197 B
808 4141 841 4195 21
854 4140 1067 4196 uoluebanturA
1152 4138 1186 4193 22
1204 4137 1240 4192 ei·

111 4245 174 4283 mue
191 4228 221 4282 13
326 4227 360 4283 23
378 4230 484 4283 nostrae
502 4228 528 4282 Β
633 4228 668 4283 26
685 4227 816 4282 abientius
835 4229 878 4282 uel
896 4227 1019 4281 miserius
1037 4227 1064 4280 A
1081 4240 1151 4282 corr.
1169 4227 1241 4281 out

111 4330 149 4370 ero
165 4314 266 4369 abieoti
284 4315 316 4368 ds
333 4315 376 4369 uel
393 4314 482 4370 miseri
499 4313 530 4370 ds
550 4315 610 4383 (aio)
