3068 5012
245 415 332 482 236³
730 411 888 464 Saluiani

247 603 481 668 nouissimis
515 600 671 678 diebus,
705 600 765 664 hoe
796 601 860 677 est,
893 602 930 662 nt
963 601 1061 664 maior
1093 597 1375 666 thesaurizantium

246 708 350 772 reatos
373 708 467 783 esset,
493 723 564 770 cnm
586 704 805 768 thesaurorum
823 701 977 767 inuidiam
993 701 1089 767 etiam
1104 702 1221 767 saeculi
1237 703 1377 770 exuema

248 808 453 874 cumularent.
484 806 786 885 thesaurisatis,
817 804 936 886 iuquit,
966 803 1006 869 in
1037 805 1270 870 nouissimis
1297 805 1376 870 die·

247 911 327 977 bus.
366 931 421 994 per
451 911 613 976 thesauros
643 908 796 990 cupiditas
825 926 879 989 per
908 907 1095 972 nouissimos
1118 909 1184 972 dies
1205 906 1376 974 infidelitas

248 1019 421 1081 accusatur.
460 1034 496 1079 ac
524 1032 580 1095 per
608 1013 668 1077 hoc
696 1012 809 1094 duplex
832 1014 863 1076 et
887 1010 1070 1094 cupiditatis
1100 1029 1180 1077 noxa
1201 1015 1251 1076 est
1274 1012 1306 1076 et
1327 1011 1413 1076 irs-s

247 1119 418 1197 fidelitatis,
443 1116 516 1199 quia
537 1116 709 1196 thesauros,
734 1133 809 1198 quos
832 1115 918 1180 iuxta
940 1114 972 1178 id
996 1115 1078 1195 quod
1096 1115 1172 1179 dous
1194 1114 1273 1178 dioit
1296 1113 1378 1180 ‘non

248 1211 514 1302 conoupisces’
538 1222 654 1284 crimen
671 1219 779 1300 utique
794 1219 856 1284 fuit
871 1225 903 1282 et
919 1217 980 1282 alic
996 1218 1137 1298 tempore
1153 1217 1377 1299 concupiscere,

248 1324 349 1390 mains
371 1317 488 1406 absque
508 1323 604 1390 dubio
627 1341 682 1406 per
704 1322 925 1386 infidelitatem
946 1321 1047 1403 ipsam
1070 1320 1188 1388 crimen
1210 1321 1259 1384 est
1283 1320 1379 1386 etiam

249 1428 282 1492 iu
304 1427 415 1492 mundi
437 1427 498 1491 fine
520 1428 689 1491 cumulare.

199 1529 260 1616 37'
292 1547 387 1612 VIII.'
417 1547 539 1611 Durum
574 1547 705 1612 fortasse
740 1545 853 1627 aliquis
888 1560 1064 1609 sermenem
1093 1562 1199 1608 meum
1228 1543 1417 1609 hactennsro

249 1649 410 1716 iudicauit.
448 1651 480 1715 et
502 1669 575 1714 uere
598 1651 694 1714 durus
718 1651 775 1727 est,
799 1648 826 1712 si
849 1647 968 1729 aliquid
991 1665 1052 1712 non
1069 1665 1105 1710 ex
1126 1646 1380 1711 testimoniorum

249 1771 408 1818 sacrorum
430 1751 618 1818 auctoritate
641 1751 849 1816 commonuit:
873 1753 969 1815 durus
990 1750 1193 1831 existimetur,
1217 1751 1245 1814 si
1259 1748 1380 1831 aliquid

249 1851 315 1920 tale
338 1853 458 1933 habuit,
483 1856 574 1938 quale
597 1854 650 1919 hic
673 1855 832 1934 apostolus
854 1852 1063 1934 praedicauttt
1087 1854 1123 1917 ut
1145 1870 1205 1917 non
1230 1853 1379 1916 addamus

249 1957 328 2022 illud
358 1957 476 2022 domini
508 1957 607 2022 nostri
636 1955 767 2034 dietum,
796 1973 855 2038 quo
887 1974 992 2020 omnes
1022 1958 1146 2039 penitus
1176 1955 1323 2038 indignos
1347 1975 1379 2022 se

251 2081 317 2126 esse
348 2061 436 2138 dixit,
468 2061 521 2141 qui
551 2077 613 2124 non
642 2061 872 2123 renuntiassent
895 2059 1041 2122 omnibus
1067 2076 1146 2140 quoe
1175 2059 1379 2141 possederint.
1390 2085 1416 2126 rs

199 2169 241 2236 38
251 2185 329 2248 quae
353 2163 490 2229 comita
514 2163 587 2242 sint,
618 2179 730 2240 nonne,
759 2178 883 2243 quaeso,
907 2160 1216 2243 indulgentissimum
1240 2163 1379 2226 ac'mol-

251 2268 407 2333 tissimum
432 2266 604 2332 existimari
627 2265 884 2345 conuenitquod
908 2263 1006 2329 locuti
1030 2283 1148 2345 sumus,
1182 2265 1303 2329 scilicet
1327 2266 1381 2347 qui

251 2367 441 2449 hominibus,
465 2369 579 2451 quibus
601 2368 773 2452 perfectam
795 2368 1048 2432 incolumitatem
1070 2368 1206 2432 tribuere
1227 2386 1288 2433 non
1310 2386 1381 2450 pos-

252 2489 370 2553 sumus,
392 2491 485 2555 opem
509 2473 615 2537 saltim
639 2473 819 2553 desperatae
835 2472 948 2536 salutis
970 2471 1170 2553 inquirimus,
1195 2474 1227 2536 et
1249 2488 1381 2553 quorum

251 2572 352 2640 uitam
375 2595 485 2640 sanare
508 2593 569 2638 non
591 2589 763 2656 possumus,
788 2574 921 2637 mortem
944 2573 1049 2637 leuare
1065 2574 1283 2654 temptamus?
1306 2576 1418 2656 quidao

252 2679 299 2743 eat
321 2679 405 2743 enim
427 2677 563 2760 perfecta
586 2676 730 2740 sanitas?
758 2676 833 2756 qnid
856 2675 916 2739 nisi
940 2676 972 2739 in
995 2676 1064 2740 uita
1085 2677 1144 2740 hac
1167 2679 1244 2743 bene
1267 2679 1382 2762 agere?

254 2781 327 2863 quid
349 2782 505 2862 postrema
529 2780 670 2843 curatio?
694 2778 779 2860 quid
792 2779 854 2843 nisi
876 2767 927 2842 uel
943 2779 975 2842 in
991 2769 1136 2846 extremis
1151 2779 1265 2846 bonum
1289 2781 1382 2846 uiati-

253 2900 325 2947 cum
349 2885 539 2963 conparare?
569 2881 643 2966 quid
666 2883 715 2946 est
737 2882 876 2962 perfecta
899 2880 1040 2946 sanitas?
1070 2882 1144 2963 quid
1167 2883 1228 2947 nisi
1251 2887 1341 2950 rebus
1364 2903 1382 2948 a

252 2985 309 3050 deo
340 2985 468 3051 traditis
498 2986 576 3049 bene
598 2984 673 3050 uti?
707 2988 787 3066 qood
818 2985 966 3049 ultimum
989 2987 1183 3050 remedium?
1216 2987 1382 3068 quodnisi

201 3095 243 3160 39
254 3087 361 3154 saltim
384 3091 493 3171 postea
516 3088 617 3154 fecere
640 3088 721 3170 quod
742 3089 902 3171 poeniteas
923 3090 955 3154 te
978 3089 1125 3154 nonanta
1147 3089 1283 3154 fecisset>
1304 3092 1419 3158 durans

254 3193 365 3274 aliquis
394 3195 486 3274 putat
517 3199 580 3256 es'se
606 3211 685 3275 quae
706 3191 792 3256 dico:
823 3195 910 3271 dura,
941 3192 1034 3275 plane
1057 3192 1135 3256 dura
1157 3193 1381 3267 existimentur,

253 3295 315 3360 nisi
349 3293 426 3360 talia
460 3297 551 3374 sunt,
586 3300 622 3359 ut
655 3296 688 3358 in
722 3294 950 3377 comparatione
983 3295 1171 3376 apostolicae
1204 3297 1382 3360 seueritatis

254 3395 362 3463 mollia
395 3417 430 3463 ao
463 3397 594 3463 remissa
628 3397 805 3462 uideantur.
848 3399 1006 3480 apostolus
1040 3397 1122 3463 enirn
1152 3398 1190 3463 ad
1221 3398 1383 3480 planctum

254 3499 367 3565 diuites
401 3503 502 3578 uocat,
538 3519 593 3565 nos
628 3501 667 3564 ad
701 3499 890 3565 remedium:
928 3501 1083 3581 apostolos
1118 3502 1244 3566 diuitias
1277 3502 1383 3586 ignom

356 3671 373 3724 6
390 3669 471 3724 arod.
489 3670 524 3724 20
564 3671 639 3744 Rom.
660 3671 675 3723 7

187 3843 189 3846 ·
304 3829 321 3881 5
340 3843 390 3880 nox
408 3831 450 3880 est
467 3827 495 3879 B
598 3827 615 3881 6
632 3826 706 3896 deus]
726 3827 776 3880 dn's
795 3827 852 3894 (sic,
865 3842 923 3880 aea
935 3827 1021 3880 solam
1033 3829 1107 3882 ‘teate
1119 3828 1245 3901 Bodaaio'
1263 3834 1295 3884 ut
1309 3830 1385 3898 apud

253 3913 408 3978 Halmium)
437 3913 465 3965 B
576 3913 591 3966 7
619 3915 784 3982 concupisces
811 3928 846 3966 ex
873 3912 1038 3980 concupiscis
1066 3929 1135 3967 corr.
1162 3917 1235 3968 Μ
1261 3915 1316 3968 AB

253 4000 287 4053 12
305 4001 451 4054 commouit
466 4004 563 4066 pacat.
582 3999 625 4052 nit
642 4003 667 4053 et
684 4013 705 4054 o.
723 4015 775 4056 aar.
794 4016 829 4052 m.
842 4001 867 4052 ¹2
893 3999 984 4052 cuerit
1002 3999 1030 4052 Α
1135 3997 1167 4053 13
1185 4002 1322 4068 apostolus
1341 4001 1385 4055 hic

252 4086 301 4140 scd
326 4085 432 4140 additio
457 4091 528 4139 m.1
554 4085 641 4155 Quia
658 4085 885 4154 transpositionis
908 4085 936 4138 Α
1040 4085 1073 4139 15
1100 4085 1262 4154 possiderint
1287 4087 1317 4140 B

255 4172 288 4225 16
304 4173 380 4242 quae]
399 4171 446 4240 qui
466 4172 492 4225 B
574 4172 609 4225 18
625 4173 837 4226 incolomitatem
856 4172 883 4224 B
971 4171 1004 4225 19
1024 4171 1386 4241 desperataoaadisperatae

254 4271 323 4310 corr.
342 4273 375 4311 m.
395 4260 415 4310 2
438 4257 493 4310 AB
596 4257 631 4311 24
658 4257 723 4325 qnid
746 4257 800 4310 nisi
826 4257 856 4310 B
956 4257 993 4311 25
1018 4259 1115 4312 saltem
1138 4275 1173 4313 aa
1196 4259 1290 4312 saltim
1313 4275 1387 4314 corr.

254 4359 289 4397 an.
307 4344 328 4397 2
345 4344 372 4396 A
