3036 5004
406 407 444 463 de
460 406 673 477 guberndei
690 407 751 464 1111
772 407 916 475 §di-dd.
1181 401 1227 476 77

95 599 235 684 poooutie
256 598 387 683 peooete
407 597 585 664 cumularit.
617 595 741 680 quondo
762 614 836 664 uero
858 593 966 683 ignem
988 599 1151 663 ueternum
1173 596 1222 663 in·

94 703 228 770 troititd
241 703 366 786 quondo
381 699 648 768 inremediabilem
664 701 728 766 ium
743 700 898 766 melorum
911 699 1052 766 omnium
1066 717 1224 770 nummum

94 807 301 872 meooentium
330 803 513 872 delictorum
543 803 710 871 nimietate
739 805 950 889 eomploueuit
980 804 1063 874 eiout
1083 803 1225 871 eulnntor

93 910 201 975 noster
230 908 269 975 ed
298 894 485 975 Iudaeorum
518 908 675 992 prinoipee
703 907 767 975 eit:
801 907 968 994 implete
1001 923 1224 976 mensurum

72 1013 248 1098 sputrnm
262 1015 501 1092 uestrorum,
524 1013 741 1094 serpentes,
762 1014 969 1098 progenie·
985 1012 1220 1097 uipererum.
1266 1005 1279 1044 ’·

91 1133 155 1182 non
176 1117 271 1200 longe
293 1134 313 1183 n
334 1115 530 1198 plenitudine
547 1116 746 1199 peooutornm
766 1117 859 1183 oront
880 1115 994 1200 quibus
1016 1116 1084 1200 ipse
1098 1113 1224 1182 dioebnt

91 1219 310 1296 deminuunt
336 1222 463 1302 peooete
490 1217 691 1303 complerent,
713 1219 783 1285 ideo
811 1218 927 1304 ubsque
950 1217 1055 1300 dubio,
1077 1221 1125 1304 ut,
1149 1220 1223 1303 quin

90 1322 180 1407 digni
200 1323 269 1389 inm
290 1322 393 1390 solute
415 1340 477 1387 nou
495 1321 609 1402 essent,
632 1318 802 1405 implerent
815 1321 1022 1405 iniquitatum
1044 1339 1220 1403 numerum,

90 1443 153 1510 quo
174 1424 325 1510 perirent.
358 1423 442 1490 unde
462 1422 558 1491 etium
581 1441 654 1490 oum
675 1423 725 1489 lex
747 1427 839 1492 uetus
854 1428 982 1509 peooetn
996 1419 1273 1492 Amorreorumdd

59 1526 248 1613 neompletu
271 1545 337 1594 oneo
360 1531 577 1608 memoruoset,
608 1527 654 1594 oio
682 1528 803 1595 looutoo
825 1545 892 1594 enee
912 1528 952 1594 ud
974 1529 1116 1594 deuotum
1138 1527 1221 1594 Loth

89 1632 220 1716 angelon
242 1631 354 1698 refert:
385 1648 515 1697 omnen
536 1631 603 1715 qui
624 1630 684 1697 tui
706 1631 800 1697 eunt
821 1629 923 1698 eduo
943 1633 991 1698 de
1012 1631 1111 1698 urbe
1133 1631 1220 1711 hue;

90 1733 316 1801 delebimnn
348 1734 450 1800 enim
482 1733 610 1801 looum
639 1734 774 1814 istum,
808 1752 852 1801 eo
874 1737 972 1818 quod
993 1733 1222 1801 inorenerit

90 1837 241 1906 olemor
263 1855 392 1904 eornm
414 1855 541 1904 eorem
564 1837 735 1919 domino,
759 1840 825 1921 qui
846 1837 1056 1918 miiitum,
1079 1842 1122 1904 nt
1137 1855 1220 1923 per·

88 1942 228 2007 dumne
249 1940 298 2006 ill
307 1957 357 2007 os.
387 1939 440 2007 diu
462 1939 602 2024 proiooto
616 1939 883 2025 flagitiosissimus
898 1941 953 2008 illo
967 1941 1098 2025 populns
1113 1943 1221 2026 iguem

60 2043 182 2110 nillum
207 2043 400 2123 incenderet,
422 2061 484 2127 qno
504 2043 636 2128 penitet,
666 2047 699 2109 et
718 2041 788 2109 ideo
812 2043 977 2129 eompletis
1000 2043 1219 2128 iniquitatibus

88 2149 153 2213 euin
176 2147 257 2213 eruit
278 2145 415 2212 flumme
437 2145 605 2212 eriminum
633 2164 770 2213 enorum.
803 2147 874 2211 tenu
893 2145 976 2214 male
997 2148 1081 2212 enim
1103 2147 1221 2213 dedeo

87 2251 216 2330 meruit,
238 2252 278 2316 nt
298 2250 482 2334 gehennom,
504 2250 638 2333 quaein
661 2249 766 2316 futuro
788 2249 901 2316 iudioio
925 2249 996 2328 erit,
1018 2251 1083 2315 iem
1104 2250 1139 2316 in
1161 2248 1221 2315 hoo
1277 2271 1279 2278 ·

87 2354 215 2420 seooulo
237 2354 417 2420 sustineret.
1121 2367 1126 2382 ·

125 2471 188 2540 IX
218 2472 280 2541 Sed
300 2472 381 2540 nulli
403 2475 487 2552 eunt,
510 2472 613 2558 inquit
635 2473 758 2558 uliquis,
780 2468 909 2540 illorum
925 2473 1009 2540 exitu
1025 2473 1131 2558 digni·
1145 2474 1217 2558 quie
1228 2475 1272 2545 39

59 2577 172 2644 nonulli
193 2576 324 2643 illorum
346 2576 584 2660 impuritatibus
607 2576 818 2662 comparendi.
848 2595 960 2642 uerum
981 2575 1112 2642 tertuum
1133 2575 1220 2644 istud

86 2680 144 2746 uit:
176 2680 321 2746 ettamen
351 2679 426 2763 quid
454 2681 603 2760 ieoimue,
634 2681 719 2763 quod
747 2682 887 2747 seluetor
915 2680 982 2765 ipse
1011 2697 1134 2760 omnes,
1167 2679 1221 2763 qni

87 2783 290 2868 euangelium
312 2801 404 2850 sunm
426 2785 612 2870 epreueuint,
635 2783 755 2869 peiores
777 2801 844 2850 esee
857 2781 1068 2849 memorauit?
1089 2781 1221 2866 denique

85 2887 126 2951 ud
151 2884 373 2971 Gepherneum
394 2886 438 2952 sio
460 2887 524 2952 uite
555 2886 589 2950 oi
616 2885 658 2952 in
680 2885 856 2953 Sodomis
884 2885 1017 2951 iuoteo
1044 2883 1220 2952 tuissent

85 2988 288 3068 uirtutes,
326 3006 422 3072 quoe
455 2987 588 3056 ieotoe
621 2989 715 3056 sunt
746 2991 785 3055 in
818 2991 872 3069 te,
909 2987 1084 3054 iorniten
1117 3006 1219 3054 mun·

8 3119 9 3122 ¹
55 3090 241 3157 edissent
275 3107 400 3174 usque
434 3093 474 3158 in
509 3091 612 3159 huno
654 3092 766 3159 diem.
813 3095 1094 3158 uernmtemen
1132 3090 1220 3156 dioo

85 3193 201 3260 uobis
225 3195 316 3277 quie
336 3197 468 3260 terrae
489 3193 740 3262 Sodomorum
761 3194 970 3262 remissius
993 3195 1071 3260 erit
1093 3193 1133 3258 in
1155 3193 1219 3260 dio

190 3379 322 3437 onnon.
333 3381 376 3450 23,
388 3379 424 3436 32
505 3381 537 3436 11
550 3379 671 3451 Gen-19,
685 3380 719 3436 18
797 3380 832 3436 23
844 3379 944 3438 naun.
957 3383 998 3449 11,
1010 3380 1046 3436 23
1073 3381 1138 3437 Lno.
1151 3380 1186 3436 10

139 3554 158 3606 1
176 3546 323 3608 cumularit
339 3566 373 3608 eu
390 3551 535 3608 oumulnrd
551 3552 580 3610 A
597 3567 668 3609 corr.
681 3554 748 3607 oud
842 3552 914 3622 uero]
931 3553 990 3610 uiro
1007 3553 1035 3610 A
1121 3551 1221 3610 intibit

8 3703 9 3718 χ
85 3637 113 3693 Β
130 3652 207 3694 oorr.
224 3637 257 3694 io
271 3637 348 3695 intre
365 3635 420 3693 ibit
509 3638 527 3696 3
544 3637 698 3709 dimonte]
715 3653 764 3693 neo
781 3638 856 3708 utute
872 3637 900 3693 13
983 3639 1005 3694 ·8
1022 3638 1105 3697 ueluti
1122 3639 1151 3696 A

86 3742 102 3797 9
119 3739 274 3812 pudentii
369 3740 404 3794 10
419 3721 472 3796 loth
488 3744 517 3796 A
612 3741 643 3795 11
663 3741 773 3811 angelos
785 3741 941 3810 euangelio
959 3741 987 3796 A
1004 3747 1151 3802 cornuti

86 3827 118 3882 17
144 3825 199 3882 erit
221 3825 276 3880 iem
298 3825 328 3881 in
350 3825 402 3882 hoo
423 3826 572 3882 Halmium
597 3826 1218 3896 mdioummhoopomdetititmte.

84 3928 137 3970 eor.
161 3912 218 3967 erit
237 3927 272 3968 m.
293 3914 315 3968 Β
334 3915 376 3976 A,
404 3911 503 3968 duntur
525 3912 587 3984 (etot
608 3913 690 3968 otium
713 3913 742 3968 in
764 3914 815 3969 hoo
838 3912 866 3968 13
872 3929 880 3976 5
904 3913 970 3981 (ort.
993 3913 1073 3970 een't.
1094 3912 1147 3968 erit
1169 3913 1218 3980 roi,

85 3999 141 4055 iem
246 3997 776 4068 idpoetoueouler.i.eo.2udd.
798 3999 1216 4069 eeeetprofeotmnole‘dron'o,

85 4101 121 4141 ee
134 4084 239 4142 demet
250 4085 518 4142 mmmmm
534 4101 595 4141 oum
699 4085 741 4163 19·
750 4085 808 4154 sint
825 4100 861 4140 en
878 4088 942 4141 eunt
958 4086 1151 4146 Aeonem

85 4171 473 4227 wforhedeeetuteitB
570 4170 810 4227 iledtunuenA
906 4172 1151 4230 odientem

85 4256 121 4312 22
138 4257 293 4330 epmnerint
310 4272 345 4313 eu
361 4257 493 4328 opreuerit
508 4258 537 4313 A
548 4272 618 4316 oon·
630 4271 665 4316 ot
678 4260 710 4316 2:
737 4260 894 4328 operuerunt
909 4257 939 4313 Β
1035 4255 1072 4313 ’24
1088 4257 1219 4331 forsitan]

86 4343 160 4399 forte
176 4343 205 4399 Β
831 4389 833 4394 -
