3096 5018
263 381 326 448 296
745 381 904 436 Seluieui

209 568 251 636 81
262 588 331 635 eooe
363 570 436 648 iem,
471 587 541 635 eoee
574 568 714 650 moreris,
749 587 931 654 egressurus
966 572 1003 636 de
1039 570 1131 636 domo
1163 572 1298 653 oorpon's
1331 571 1390 649 dui,

260 675 399 738 ueooiens
433 690 493 754 quo
526 672 628 738 iturus
662 691 722 756 quo
757 672 957 739 ebduoendus
991 673 1031 738 ud
1064 691 1159 757 quom
1192 674 1335 757 poenalis
1357 679 1390 742 ed

261 794 355 858 quam
378 780 481 841 taetre
503 775 681 859 rapiendus,
712 775 763 841 oui
786 795 884 840 unum
906 777 1123 842 tautummodo
1146 781 1284 860 superest
1306 779 1392 845 iuter

261 897 406 962 supreme
428 879 606 964 perfugium
628 898 691 945 une
706 879 877 963 effugiendi
892 880 1011 946 aeterni
1032 881 1115 965 iguis
1136 882 1264 964 speoula
1285 882 1389 962 detur,

260 984 298 1046 ui
318 999 373 1065 pro
396 983 427 1047 te
451 981 562 1048 offeres
585 983 694 1048 saltim
716 981 799 1065 quod
821 983 855 1048 iu
877 983 1056 1050 substantie
1079 983 1184 1062 hebes,
1207 985 1281 1066 quie
1301 986 1388 1050 eliud
1412 1005 1428 1047 u
1530 993 1531 1022 ³

258 1087 342 1168 quod
375 1087 476 1168 poesis
506 1087 563 1151 deo
593 1085 704 1150 offerre
733 1087 795 1151 ium
819 1103 882 1152 nou
904 1086 1016 1154 hebes:
1051 1089 1084 1151 ei
1105 1087 1141 1150 iu
1164 1087 1319 1152 inmemor
1341 1091 1389 1152 tui

261 1189 377 1254 oblitus
401 1187 515 1254 solutis
537 1192 619 1265 tuae,
643 1190 680 1252 de
704 1188 863 1268 legatariis
878 1188 968 1254 nouis
984 1189 1102 1272 oogiius
1117 1189 1157 1254 de
1171 1189 1390 1273 locupletando

206 1292 372 1360 82herede
395 1291 542 1374 suspires.
574 1293 607 1356 ei
629 1291 704 1356 baeu
726 1291 843 1356 fuoieus
866 1292 989 1357 eredere
1011 1293 1043 1356 ie
1065 1291 1216 1357 iudioium
1232 1293 1283 1357 dei
1298 1293 1389 1371 diois,

260 1395 315 1479 qui
336 1396 405 1476 eibi,
429 1413 500 1460 oum
522 1393 706 1460 iudicandus
729 1395 782 1471 eie,
805 1395 858 1460 uei
881 1394 963 1460 iuter
986 1415 1133 1479 supremo
1154 1396 1390 1462 uoreonsulie?
1435 1387 1437 1392 ’
1530 1457 1531 1460 ,

261 1501 295 1564 et
316 1499 442 1564 eredere
464 1501 496 1562 te
519 1496 638 1579 aliquid
660 1499 698 1562 de
720 1497 821 1562 solute
836 1498 959 1562 auimee
981 1502 1054 1564 tuae
1076 1498 1222 1580 loqueris,
1246 1501 1296 1564 oui
1318 1499 1428 1566 nui-10

259 1603 309 1667 lus
339 1604 388 1666 esi
416 1601 521 1666 anime
542 1601 599 1665 due
626 1599 729 1678 uilior,
761 1602 844 1683 opud
867 1619 960 1684 quem
982 1620 1077 1686 prope
1100 1619 1160 1667 non
1182 1600 1316 1666 interese
1337 1605 1390 1668 oui
1530 1583 1531 1610 ἶ

259 1705 368 1788 prosis,
391 1704 559 1769 dummodo
574 1707 610 1768 ui
632 1701 693 1768 tibi
710 1706 842 1769 uooeusi’
864 1707 896 1769 et
911 1705 1034 1770 eredere
1049 1705 1082 1769 ie
1097 1705 1239 1770 futurum
1253 1704 1390 1771 iudioem

259 1808 349 1884 diois,
382 1809 467 1890 apud
498 1825 591 1890 quem
625 1808 733 1872 nullus
763 1810 810 1872 eet
843 1807 946 1874 minor
975 1811 1070 1892 eique
1100 1807 1273 1890 despeoiior
1295 1827 1390 1890 quum

258 1911 325 1993 ipse
346 1909 459 1976 iudex?
495 1928 569 1974 nam
590 1911 624 1974 in
652 1913 778 1975 iunium
801 1929 873 1976 eum
895 1912 1018 1994 spernis
1040 1914 1073 1977 iu
1095 1913 1220 1976 iunium
1243 1911 1387 1994 despicis,

258 2013 297 2078 ui
318 2031 376 2077 neo
396 2010 523 2076 tibimet
545 2011 607 2096 ipsi
629 2014 783 2090 eonsules,
814 2015 981 2081 dummodo
1004 2019 1069 2081 eius
1092 2014 1426 2081 iuseueondemuss.1s

206 2116 315 2184 83eui
346 2114 454 2180 refelle
487 2135 537 2179 me
570 2119 603 2180 ei
637 2115 794 2195 sonnium,
829 2118 855 2182 si
888 2119 1031 2182 mentior.
1075 2117 1192 2182 olomeo
1224 2115 1286 2180 iibi
1319 2133 1390 2180 eooe

259 2219 407 2286 morienti
440 2217 516 2302 ipse,
550 2219 604 2302 qui
627 2223 659 2284 ie
681 2219 874 2284 iudicaturus
903 2222 952 2284 esi
985 2220 1077 2284 iudex
1107 2223 1191 2298 tuoe,
1225 2237 1264 2283 ue
1286 2219 1389 2283 ullum

256 2323 384 2389 omniuo
416 2322 575 2388 homiuem
604 2327 637 2389 in
666 2323 869 2404 prorogandis
902 2325 994 2388 rebus
1024 2341 1061 2389 oe
1087 2322 1293 2388 facultatibus
1324 2323 1389 2388 iuis

259 2427 331 2510 pius
354 2444 448 2508 quem
469 2429 501 2490 te
523 2444 618 2504 emes,
649 2444 687 2490 ne
710 2424 768 2490 ulli
792 2425 830 2489 de
852 2426 1031 2490 substantio
1052 2428 1109 2490 tue
1129 2428 1264 2491 moriens
1285 2425 1389 2508 magis

257 2548 353 2612 quum
387 2530 444 2594 tibi
478 2529 632 2606 eonsules,
667 2529 791 2592 nulium
821 2527 881 2592 eibi
912 2530 1019 2593 auimo
1048 2529 1104 2594 tue
1134 2527 1428 2611 propinquioremso

259 2632 383 2699 nullum
403 2632 523 2697 iudieee
546 2632 704 2698 cariorem.
740 2631 833 2714 quid
856 2633 960 2696 enim
981 2631 1177 2714 proderit,
1201 2630 1304 2713 iuquit
1326 2631 1389 2696 sel·

258 2740 358 2814 ustor,
389 2734 540 2800 homini
570 2734 603 2800 ei
632 2737 815 2801 lueretur
842 2735 1026 2801 mundum
1056 2738 1184 2800 ouium
1206 2735 1245 2798 ei
1266 2733 1390 2798 dutri-

258 2841 434 2904 meuium
464 2838 591 2903 fodiet
617 2839 766 2904 animae
789 2842 904 2904 suae?
937 2843 1004 2904 oui
1026 2838 1120 2921 quid
1143 2837 1255 2902 dabie
1277 2837 1390 2902 homo

204 2940 607 3010 84oommuiotionem
637 2961 705 3025 pro
736 2943 864 3007 uuimu
890 2945 979 3007 suo?
1015 2942 1073 3006 hoo
1096 2943 1144 3006 est
1166 2941 1281 3008 didere:
1315 2940 1391 3021 quid

260 3043 331 3128 dibi,
355 3043 610 3110 oiufelioieeime
639 3046 741 3124 homo,
776 3045 923 3128 proderit,
957 3045 985 3109 ei
1008 3060 1131 3110 omnem
1161 3045 1312 3108 muudum
1334 3042 1428 3106 euim
1530 3135 1531 3138 Ἴ

259 3150 324 3232 ipse
357 3147 472 3214 habeus
505 3152 561 3213 aui
592 3147 657 3214 ouis
689 3147 837 3230 proximis
868 3147 1072 3229 derelinques,
1107 3148 1134 3211 si
1161 3146 1272 3211 salutis
1294 3147 1387 3228 utque

260 3252 383 3316 animae
397 3250 588 3316 detrimento
601 3248 756 3333 petieris?
780 3248 894 3314 demna
909 3252 992 3316 euim
1008 3251 1133 3315 suimus
1146 3251 1250 3314 toium
1266 3248 1391 3330 peuiiue

363 3402 395 3456 21
415 3401 514 3456 Mopth.
533 3404 574 3468 16,
592 3404 626 3458 26

314 3541 327 3592 l
354 3540 469 3595 mereris
493 3541 549 3596 AB
576 3541 622 3609 (ef.
640 3547 665 3606 3.
684 3545 721 3597 85
747 3542 802 3596 ium
829 3541 981 3609 moriouii):
1011 3541 1132 3595 morieris
1154 3541 1323 3610 pHoimiue

259 3625 277 3679 2
302 3641 354 3694 quo
378 3623 549 3682 abducendus
570 3643 607 3683 eu·
627 3628 698 3698 quod
720 3627 882 3684 ubdioeudus
900 3641 969 3683 eorr.
988 3643 1024 3682 nu
1041 3630 1061 3681 2
1079 3627 1107 3681 Β
1207 3627 1226 3681 4
1252 3641 1392 3696 supraema

258 3711 316 3765 AB
395 3731 396 3736 ¹
419 3713 527 3782 spedulu
549 3713 665 3783 surripui:
691 3714 809 3784 speiouis
826 3713 1036 3777 ABHuimo'uor
1063 3729 1102 3768 ore
1122 3713 1198 3780 forte
1220 3713 1342 3782 speeoule
1359 3717 1393 3768 ru

259 3797 500 3853 reooulezrouule
517 3797 605 3868 perede
617 3799 676 3854 uid.
690 3799 757 3856 Iud.
771 3798 857 3853 ΠΗ
954 3799 1085 3854 uenirem
1104 3804 1130 3854 et
1146 3798 1240 3854 statim
1257 3798 1338 3854 hebes
1357 3815 1393 3854 ou

260 3882 357 3939 salum
370 3889 398 3939 et
414 3883 494 3940 meir
509 3901 580 3941 eoru.
598 3889 666 3942 Μ
682 3888 710 3941 A
807 3887 823 3940 'i
841 3885 966 3954 loeuplet‘⁶
985 3899 1018 3940 eu
1036 3885 1129 3954 louopi.
1148 3900 1218 3940 oosr.
1230 3888 1298 3942 Μ
1314 3886 1342 3939 A
1359 3891 1394 3940 ui

259 3983 325 4024 moer
340 3969 443 4039 aliquid
461 3985 495 4025 ou
511 3970 611 4041 eliquit
714 3972 747 4028 13
765 3970 909 4040 dispectior
926 3977 952 4026 ot
969 3987 1032 4026 mox
1049 3969 1161 4040 dispicio
1177 3971 1205 4026 A
1222 3977 1249 4026 oi
1267 3970 1338 4038 deep.
1358 3985 1393 4025 eu

259 4053 331 4124 disp.
348 4071 418 4110 corr.
431 4059 499 4110 Μ
516 4057 544 4126 B
638 4059 672 4112 15
689 4059 734 4114 ud
748 4073 770 4113 o.
787 4071 838 4112 sor.
857 4073 887 4113 eo
903 4060 971 4111 m
986 4057 1012 4110 A
1109 4057 1142 4111 18
1158 4056 1293 4110 homiuem
1310 4057 1393 4121 Arm:

259 4138 397 4196 homiuum
414 4143 442 4198 B
461 4148 488 4197 ot
505 4143 565 4198 odd.
584 4159 646 4198 uum
658 4143 771 4199 Halmio
789 4144 838 4212 pue*
848 4143 919 4198 uod
930 4143 1025 4198 odoro
1124 4141 1313 4212 proerogoudis
1330 4141 1394 4197 Rit-

260 4227 412 4282 tersuoeue
505 4231 541 4286 23
555 4230 621 4300 quid
634 4221 1066 4298 presumptuosorum
1083 4230 1139 4283 AB
1155 4229 1273 4293 oeus.
1287 4233 1325 4283 eo

261 4313 296 4366 25
313 4312 488 4369 iufilioissime
505 4317 532 4369 A
634 4320 712 4370 omno
730 4331 765 4370 eu
782 4315 875 4370 omniu
893 4330 963 4372 σου.
980 4331 1015 4371 ru.
1033 4320 1052 4369 2
1070 4317 1097 4370 Β
1204 4307 1207 4312 ’
