2972 5000
290 418 312 482 4
775 417 934 472 Saluiani

292 605 368 688 quid
390 606 558 688 potuerunt
581 606 618 670 de
640 605 754 671 affectu
776 625 811 672 ac
833 607 996 690 diligentia
1018 608 1068 673 dei
1084 611 1199 674 rectius
1223 609 1421 692 religiosius·

292 728 352 792 qne
374 709 489 774 sentire
511 728 605 792 quam
628 712 663 774 ut
687 729 759 775 eum
781 712 984 793 gubernatori
1007 711 1142 778 similem
1165 730 1232 778 esse
1256 713 1423 779 dicerent?

197 855 202 864 -
290 814 349 878 hoc
370 813 478 896 utique
501 812 731 896 intellegentes,
756 816 836 896 quod
853 815 934 880 sicut
949 815 1103 900 nauigans
1119 815 1310 899 gubernator
1325 835 1420 888 num·

291 935 385 1000 quam
418 935 546 983 manum
581 936 670 983 suam
703 935 722 981 a
754 917 978 1001 gubernaculo,
1013 919 1059 985 sic
1092 938 1263 1003 numquam
1295 921 1420 1004 penitus

291 1039 398 1087 curam
432 1039 521 1087 suam
554 1020 629 1087 deus
663 1020 789 1086 tollite
818 1025 947 1100 mund03
986 1041 1023 1088 ac
1057 1023 1138 1089 sicut
1172 1025 1226 1089 ille
1260 1025 1291 1088 et
1326 1041 1458 1088 aurass

291 1125 418 1209 captans
443 1128 474 1190 et
496 1143 568 1189 saxa
591 1123 697 1189 nitens
720 1127 752 1188 et
767 1126 851 1190 astra
875 1125 1045 1208 suspiciens
1069 1127 1153 1192 totus
1169 1127 1211 1192 sit
1233 1126 1327 1214 simul
1350 1128 1420 1192 tam

292 1231 427 1312 corporis
462 1245 556 1310 quam
588 1226 688 1293 cordis
723 1226 824 1292 officio
857 1228 944 1310 operi
970 1247 1028 1295 suo
1058 1231 1196 1311 deditus,
1230 1231 1423 1297 itascilicet

292 1333 383 1397 deum
417 1332 560 1398 nostrum
591 1332 629 1397 ab
662 1331 866 1397 uniuersitate
902 1334 1042 1399 omnium
1074 1353 1181 1399 rerum
1213 1351 1269 1401 nec
1302 1353 1422 1400 munus

292 1434 548 1518 dignantissimae
571 1434 702 1500 cisionis
725 1438 867 1500 auertere
885 1453 943 1501 nee
957 1437 1099 1522 regmen
1114 1437 1328 1520 prouidentiae
1344 1455 1421 1502 suae

261 1537 401 1604 4tollere
422 1557 481 1604 nec
502 1537 741 1623 indulgentiam
755 1539 998 1623 benignissimae
1020 1542 1145 1623 pietatis
1168 1542 1298 1607 audura.
1332 1543 1460 1606 undere

292 1643 388 1708 etiam
412 1643 490 1710 illud
513 1643 666 1728 mysticae
689 1644 885 1710 auctoritatis
899 1646 1088 1730 exemplum,
1113 1662 1172 1728 quo
1188 1661 1221 1711 se
1237 1661 1298 1709 non
1313 1645 1421 1710 minus

292 1746 512 1830 philosophum
528 1748 617 1812 Maro
632 1747 764 1830 probare
779 1748 990 1830 noluitquam
1005 1751 1137 1831 pettam,
1162 1749 1284 1815 dicens:
1308 1748 1421 1813 deum

293 1866 457 1932 nemque
479 1849 535 1915 ire
557 1869 622 1932 per
652 1865 782 1916 omnes
809 1851 1021 1934 tenuesque
1043 1854 1277 1934 tractusque
1300 1851 1422 1917 maris

294 1955 520 2036 caelumque
541 1953 788 2038 profundum.
812 1955 933 2020 Tullius
949 1971 1087 2038 quoque:
1121 1973 1192 2020 nec
1214 1974 1306 2021 uero
1326 1955 1421 2020 deus

293 2057 393 2140 ipse,
426 2057 544 2140 inquit,
578 2059 644 2139 qni
673 2057 938 2140 intellegitur
968 2073 987 2122 a
1020 2057 1151 2137 nobis,
1187 2057 1267 2124 ali-o
1307 2060 1474 2124 modom,

293 2161 484 2243 intellegi
520 2145 653 2242 potest
690 2179 805 2242 quem
842 2179 950 2225 mens
987 2163 1117 2227 soluta
1154 2165 1341 2246 quaedam
1380 2164 1424 2227 et

293 2265 420 2330 libero
449 2266 486 2329 et
516 2266 732 2348 segregata
753 2264 797 2329 ab
827 2265 931 2330 omni
962 2266 1214 2331 concretione
1245 2267 1422 2345 mortali,

295 2368 418 2434 omnia
455 2367 631 2432 sentiens
668 2367 706 2432 et
740 2381 908 2432 monens.
950 2368 1027 2433 alibi
1064 2387 1183 2452 quoque
1217 2369 1323 2434 nilril
1354 2371 1423 2434 est

294 2469 413 2552 inquit,
446 2472 727 2552 ‘praestantius
766 2471 850 2534 deo:
888 2471 928 2536 ab
962 2488 997 2535 eo
1034 2471 1134 2556 igitur
1168 2475 1319 2538 mundum
1352 2474 1422 2555 regi

294 2591 416 2638 necesse
439 2577 497 2638 est.
525 2572 604 2637 nulli
627 2573 724 2658 igitur
746 2577 875 2638 naturae
889 2573 1058 2640 oboediens
1070 2576 1131 2640 aaut
1153 2576 1309 2642 subiectus
1325 2575 1460 2641 deuszro

296 2693 418 2740 onmem
453 2691 525 2758 ergo
558 2677 640 2759 regit
672 2679 736 2760 ipse
775 2680 936 2742 umbram:
975 2677 1037 2742 nisi
1069 2678 1148 2744 forte
1183 2697 1238 2745 nos
1272 2679 1424 2745 uidelicet

295 2779 518 2862 sapientissimi
537 2781 585 2844 iba
607 2781 787 2860 sentiamus,
811 2784 847 2845 ut
864 2799 944 2860 eum,
970 2799 1062 2865 aquo
1078 2783 1181 2848 omnia
1196 2782 1263 2867 regi
1279 2783 1423 2860 dicimus,

262 2883 327 2950 bet
359 2901 465 2966 regere
498 2883 594 2948 simul
628 2887 660 2949 et
691 2885 855 2969 neglegere
890 2886 1063 2951 dedamus.
1102 2905 1174 2952 cum
1207 2903 1279 2970 ergo
1313 2904 1426 2952 omnes

397 3116 428 3169 12
447 3113 542 3184 Georg.
560 3115 585 3182 4,
598 3114 649 3171 221
659 3131 699 3185 sq.
719 3115 752 3172 cf.
771 3116 906 3171 Luctantii
924 3118 1012 3172 instit.
1030 3117 1085 3174 din.
1103 3115 1207 3185 15,12
1290 3117 1323 3171 14
1341 3117 1424 3172 Tusc.

294 3203 409 3272 quaesit.
435 3201 459 3270 l,
481 3201 523 3268 27,
547 3202 580 3256 66
599 3202 641 3260 cf.
665 3202 802 3258 Lactantii
820 3203 838 3257 l.
857 3203 875 3257 l.
901 3203 957 3270 15,
975 3203 1010 3257 25
1037 3205 1065 3256 et
1091 3203 1255 3256 Zscbimmer
1271 3219 1297 3272 p.
1316 3202 1351 3256 62

295 3289 328 3342 18
341 3288 417 3342 =Haec
435 3303 539 3357 qnoque
557 3305 587 3342 ex
604 3288 725 3344 Lactant.
744 3289 793 3344 tl.
813 3289 826 3342 1
843 3289 868 3354 5,
882 3289 916 3344 24
933 3289 1019 3344 citata
1036 3291 1107 3355 sunt,
1127 3289 1173 3358 qui
1191 3305 1223 3343 ex
1240 3289 1294 3344 Cic.
1312 3289 1346 3344 de
1362 3293 1425 3348 nat.

295 3374 320 3428 d.
339 3390 369 3428 ee
387 3375 532 3444 sumpsisse
550 3391 576 3428 se
594 3377 717 3440 testatur,
737 3375 783 3430 ubi
801 3377 891 3430 tamen
909 3391 962 3430 non
981 3377 1120 3444 leguntur-3
1140 3376 1174 3431 cf.
1190 3375 1354 3430 Zschimmer
1372 3377 1427 3431 1.1.

295 3461 322 3516 et
340 3461 373 3514 ad
391 3461 437 3515 III
456 3462 469 3515 1
489 3461 550 3517 init.
570 3461 631 3516 adn.
650 3461 708 3515 crit.

348 3667 578 3745 lpc'tuerunteae
592 3677 690 3731 rectius
709 3680 735 3730 A
827 3677 978 3732 2·similem
992 3698 1032 3730 ees
1045 3677 1115 3747 qnod
1133 3677 1203 3732 sicut
1221 3678 1248 3732 A
1336 3677 1427 3746 Agu-

294 3762 398 3816 bernses
417 3777 493 3816 suam
517 3761 581 3816 deus
604 3763 631 3816 A
733 3763 749 3816 6
774 3779 835 3817 saxa
854 3765 922 3818 uisae
940 3765 1014 3818 totus
1032 3765 1069 3817 sit
1091 3765 1119 3817 A
1223 3764 1239 3817 1
1262 3763 1364 3818 scilicet
1383 3785 1429 3816 *ss

293 3865 381 3902 rerum
404 3847 432 3902 A
534 3849 683 3903 9uisionis
700 3871 740 3903 se*
758 3866 806 3904 nec
824 3850 928 3920 indulg.
953 3851 979 3904 A
1083 3850 1117 3904 10
1134 3849 1244 3918 pietatis
1262 3849 1348 3903 sufes
1368 3851 1427 3903 ori·

293 3935 361 3989 tatis
388 3935 500 4002 exempl.
526 3936 554 3988 A
656 3935 688 3990 11
712 3936 844 4006 'mysticae
870 3937 1016 3992 Pithoeus.-
1042 3935 1162 3990 fabulose
1189 3936 1289 3990 ebriose
1315 3933 1428 3990 smitice

293 4021 398 4076 mistice
409 4021 437 4074 B
451 4021 508 4090 (bn
519 4019 655 4074 fabulosae
666 4017 867 4076 scribendam?
881 4021 1022 4088 Halmius)
1110 4037 1162 4090 qno
1176 4037 1203 4075 se
1215 4042 1254 4074 aa
1267 4032 1359 4074 omnes
1370 4023 1426 4074 ter-

293 4121 389 4176 rusque
407 4107 435 4160 A
516 4108 549 4161 14
566 4121 669 4175 quoque
679 4126 720 4160 aaa
732 4107 792 4176 quit
804 4107 851 4176 qui
869 4107 898 4162 A
977 4109 1009 4162 16
1022 4106 1153 4162 ‘solutore
1166 4109 1308 4176 segregata
1325 4107 1354 4161 A

295 4194 326 4248 17
351 4194 560 4263 congregatione
583 4193 610 4246 A
640 4195 806 4247 concrecione
829 4193 857 4247 B
960 4195 994 4250 18
1017 4209 1164 4248 mouensee
1177 4210 1210 4247 ne
1234 4193 1303 4246 nihil
1325 4193 1354 4245 A
1473 4237 1474 4242 ,

293 4283 336 4334 est
354 4280 394 4334 A:
419 4287 433 4334 e
451 4281 496 4349 (=
507 4279 559 4346 eet)
576 4295 633 4334 cora
650 4279 721 4334 enim
736 4281 781 4348 (ct
793 4280 870 4348 opud
883 4281 1038 4345 Halmium)
1058 4280 1086 4334 B
1171 4281 1212 4335 ’20
1225 4279 1297 4334 nulli
1308 4301 1334 4331 es
1346 4276 1427 4334 oboe-

293 4367 369 4422 diens
387 4367 414 4420 A
519 4366 550 4421 21
570 4382 618 4422 nos
629 4389 656 4420 s*
668 4367 800 4422 entissimi
818 4367 845 4421 A
948 4369 981 4424 28
1000 4369 1102 4438 neglee
1120 4368 1256 4423 credamus
1275 4367 1302 4419 A
