3036 5004
288 415 330 491 98
773 417 929 477 Saluiaui

209 661 232 672 ..
287 631 376 681 snam
399 615 538 681 moritus
561 615 635 680 suis.
666 614 769 700 magis
792 615 877 682 enim
890 615 1082 686 damnabilis
1100 623 1296 711 eetmenne,
1319 651 1413 716 quem

286 715 402 787 titulus
429 719 580 786 bonitatis
609 720 753 796 accuset,
782 722 817 786 ot
843 724 951 789 reotne
979 724 1069 808 impii
1098 729 1147 794 cst
1174 731 1263 814 pium
1291 742 1412 804 nomen.

287 833 369 898 nude
397 825 494 894 ctiam
522 823 663 890 sulcator
690 823 724 890 in
746 825 938 911 Apocalypsi
966 829 1006 895 ed
1033 830 1177 916 tepidum
1202 835 1414 910 Christianum

286 937 350 1003 ait:
384 933 538 1000 utinam
570 934 639 1000 ant
671 930 822 998 celitus
855 948 961 996 essee
994 937 1062 998 ant
1094 933 1284 1018 frigidum
1317 961 1414 1014 nnnc

286 1046 433 1125 eutem,
458 1040 547 1124 qnia
567 1037 728 1122 tepidus
750 1051 803 1118 os,
825 1036 1017 1120 incipiam
1034 1041 1072 1102 te
1087 1057 1267 1112 enomere
1288 1063 1330 1111 ex
1352 1067 1449 1114 orec

286 1139 378 1212 m‘eo.
412 1161 537 1211 omnem
558 1141 774 1209 christianum
795 1139 938 1209 dominus
958 1141 1021 1209 tide
1043 1145 1217 1228 acepiritu
1238 1148 1328 1216 iubet
1348 1159 1413 1220 esse

286 1248 469 1316 inurentem.
506 1247 552 1314 sic
581 1247 666 1314 enim
695 1248 848 1330 scriptum
870 1250 936 1314 est:
968 1251 1011 1314 ut
1032 1248 1150 1316 simus
1172 1253 1318 1336 spiritu
1340 1255 1414 1322 ier·

234 1352 443 1434 92nentcs‚
467 1355 622 1421 domiuo
644 1353 876 1419 sernieutos.
911 1351 947 1416 in
967 1352 1028 1419 hoo
1048 1371 1121 1439 ergo
1143 1355 1263 1423 feruore
1284 1358 1413 1441 spiritus
1506 1437 1507 1442 ἵ

285 1455 358 1525 finti
380 1457 543 1542 religiosae
566 1458 657 1524 ardor
679 1457 870 1524 ostenditur:
893 1455 932 1522 le
953 1473 1014 1540 qno
1036 1459 1145 1524 ardore
1167 1459 1222 1542 qui
1242 1461 1414 1544 plurimum

285 1561 381 1629 habet
413 1555 538 1628 feruens
570 1580 637 1627 esse
670 1559 852 1644 agnoscitur
879 1560 912 1626 et
938 1560 1055 1627 fidelis:
1089 1563 1142 1646 qui
1172 1564 1255 1630 nilril
1287 1567 1448 1632 omninore

285 1663 380 1732 habet
411 1663 543 1750 nigidius
573 1680 642 1730 esse
670 1665 868 1748 intellegitur
898 1681 935 1730 ec
963 1683 1120 1751 pagunus3
1154 1667 1210 1750 qni·
1236 1685 1310 1734 nero
1332 1670 1412 1736 iuter

285 1769 452 1853 utrumque
481 1769 533 1834 nel
561 1771 709 1835 nentrum
737 1771 795 1852 est,
825 1767 948 1851 tepidus
971 1771 1064 1852 ntqne
1087 1787 1196 1838 suosne
1219 1773 1269 1838 est
1289 1773 1412 1839 domino

286 1868 490 1951 Christianus,
520 1873 553 1938 et
573 1872 642 1938 ileo
664 1872 705 1936 nd
730 1889 802 1938 enm
831 1870 963 1938 dicitur:
992 1873 1148 1938 utinam
1170 1877 1238 1942 unt
1259 1876 1413 1943 calidus

286 1993 392 2042 esses
425 1976 496 2042 ant
527 1974 724 2060 frigidus:
758 1992 859 2042 nuno
882 1977 1028 2060 eutem,
1062 1980 1154 2060 qnia
1175 1980 1335 2062 tepidus
1358 1999 1412 2065 es,

285 2077 479 2161 incipiam
499 2080 540 2146 te
562 2096 739 2145 enomere
760 2095 802 2144 ox
816 2095 883 2144 ore
898 2097 989 2147 meo.
1019 2080 1076 2146 hoc
1090 2082 1138 2147 est
1153 2081 1269 2149 dicere:
1288 2081 1447 2153 utinamrs

285 2184 341 2249 ant
373 2183 507 2250 calorem
535 2185 567 2248 et
602 2181 696 2248 fidem
728 2181 853 2249 haberes
886 2182 1038 2249 bonorum
1074 2184 1321 2252 Christianorum
1358 2190 1413 2253 ent

284 2287 368 2352 certe
401 2286 501 2372 frigus
532 2290 564 2353 et
593 2287 804 2371 ignorantiam
836 2302 1038 2370 paganorum.
1076 2289 1132 2352 ent
1161 2288 1246 2354 enim
1274 2288 1350 2354 fides
1379 2291 1412 2355 te

285 2387 387 2456 olins
401 2389 465 2456 ’deo
495 2389 667 2456 insinuaret
689 2389 745 2454 eut
766 2393 850 2454 certe
872 2390 912 2454 ad
934 2407 1076 2474 praesens
1099 2391 1200 2457 adhuc
1220 2392 1300 2475 legis
1321 2391 1412 2477 igno·

284 2492 389 2560 tentio,
410 2493 608 2576 aliquetenus
630 2496 798 2559 excusaret.
835 2509 918 2558 nunc
945 2496 1050 2558 eutem
1072 2495 1145 2576 quie
1166 2493 1325 2560 Ohristnm
1347 2497 1412 2563 iam

284 2596 443 2679 agnouisti
465 2599 497 2662 et
518 2595 658 2680 neglegis
687 2614 779 2680 quem
808 2595 974 2680 agnouisti,
1004 2597 1059 2679 qui
1087 2601 1245 2681 susceptus
1267 2617 1300 2664 es
1322 2599 1448 2682 quasise

233 2713 276 2780 93
285 2701 369 2764 intre
390 2715 424 2764 os
445 2697 496 2764 (lei
516 2717 574 2783 per
593 2698 667 2765 fidei
689 2700 882 2784 agnitionem
904 2700 1053 2781 proiocris
1067 2717 1122 2784 per
1147 2705 1296 2784 teporem.
1329 2706 1412 2786 quod

286 2801 412 2885 quidem
434 2801 531 2868 'etiam
551 2805 661 2871 beatus
676 2803 834 2886 spostolus
849 2803 962 2868 Petrus
975 2803 1135 2870 euidenter
1150 2807 1290 2888 exposuit
1305 2805 1411 2872 dicens

285 2907 324 2972 de
356 2905 479 2971 uitiosis
512 2923 548 2972 ac
579 2905 708 2991 tepidis,
741 2903 774 2972 iel
806 2909 855 2972 est
887 2906 970 2972 male
1004 2906 1184 2973 uiuentibus
1208 2908 1411 2976 Christianis:

285 3007 429 3075 melius
459 3011 544 3076 erat
572 3008 659 3076 illis
688 3029 761 3077 non
791 3025 1026 3090 cognoscere
1055 3011 1276 3078 ueritatem
1297 3032 1412 3096 quem
1506 3079 1507 3084 ,

284 3113 621 3198 cognoscentibus
650 3114 872 3178 retrorsum
905 3113 1071 3180 reflecti
1099 3133 1119 3178 a
1146 3116 1302 3183 tradito
1330 3117 1449 3182 sibiae

284 3219 476 3285 mandato.
511 3217 689 3302 contigit
720 3217 810 3282 illis
839 3235 900 3283 ros
926 3217 1015 3283 nori
1047 3220 1267 3303 prouerbii:
1302 3223 1412 3286 oanis

283 3340 469 3389 reuersus
504 3323 550 3387 ed
583 3341 694 3388 sunm
727 3319 918 3386 uomitum
946 3325 1016 3387 ant
1045 3339 1109 3387 sus
1131 3316 1218 3388 lotu
1238 3323 1278 3388 in
1299 3322 1410 3390 nolu-

284 3427 401 3491 tabro
423 3424 546 3490 caeni.
583 3425 666 3508 qnod
687 3428 724 3490 nt
748 3424 908 3490 euidenter
924 3426 962 3490 do
975 3425 1025 3490 his
1041 3425 1162 3490 dictum
1176 3425 1411 3510 intellegamus,

284 3528 338 3612 qni
359 3528 419 3594 sub
441 3527 620 3595 christiano
648 3529 773 3594 nomino
794 3528 828 3594 in
849 3528 992 3594 sordibus
1022 3531 1131 3596 mundi
1161 3531 1254 3614 etque
1277 3531 1412 3611 impuri·

284 3635 402 3700 tatibus
435 3635 565 3716 uiuunt,
600 3631 690 3713 nudi,
722 3632 798 3715 qnid
819 3633 857 3698 do
890 3631 991 3696 isdem
1011 3632 1046 3696 in
1078 3633 1187 3697 eodem
1213 3633 1280 3696 loco
1310 3632 1449 3698 dicetne

384 3808 402 3862 4
418 3809 501 3877 spec.
518 3805 544 3873 a,
564 3806 597 3860 15
699 3805 716 3860 n
735 3803 812 3860 aem.
832 3803 873 3872 22,
892 3805 924 3859 11
1026 3805 1062 3859 24
1079 3803 1110 3861 11
1127 3805 1186 3860 rec.
1203 3805 1229 3874 2,
1246 3805 1282 3858 21
1291 3821 1330 3875 sq.

333 3963 916 4034 sniume.eer.m.2giAtcemeoa(13)
988 3960 1340 4032 onoemeecmpoec.s

284 4055 317 4110 16
338 4054 376 4126 ct]
401 4055 450 4108 sut
472 4051 501 4108 Β
602 4049 639 4104 20
660 4049 802 4118 suscepisti
823 4047 873 4103 eod
890 4052 988 4117 pauet.
1006 4047 1057 4101 isti
1075 4053 1102 4102 ct
1117 4063 1139 4103 a.
1156 4063 1208 4103 ecr.
1226 4064 1262 4103 or.
1279 4049 1299 4100 2
1316 4048 1362 4101 tus
1381 4061 1411 4100 es

282 4143 312 4198 A
412 4139 446 4194 21
465 4135 698 4208 dei]d1(sic)A
801 4132 938 4203 proicieris
955 4131 983 4188 Β
1085 4131 1119 4188 rt
1138 4149 1197 4188 suos
1214 4133 1262 4188 sed
1278 4139 1411 4202 opacet.

283 4227 312 4282 A
343 4227 404 4281 sne'e
422 4226 450 4280 Β
553 4222 709 4278 nolutrabro
726 4221 754 4275 Β
865 4219 900 4274 28
921 4218 980 4289 oeni
997 4221 1037 4273 A:
1063 4219 1118 4273 lnti
1140 4218 1169 4273 Β
1270 4218 1412 4272 euidenter

282 4328 318 4368 car
340 4312 464 4367 uidentes
486 4311 514 4364 A
536 4326 607 4366 corr.
624 4310 698 4363 ou2
800 4306 835 4361 30
857 4306 923 4376 quid
940 4306 972 4360 (le
989 4305 1092 4360 hisdem
1116 4322 1151 4360 cc
1173 4303 1358 4375 qnidohisdom
1381 4305 1413 4360 A

279 4415 352 4455 corr.
369 4413 404 4454 no.
422 4401 443 4453 2
468 4398 533 4467 quid
551 4396 649 4451 endem
666 4397 728 4464 (ooo.
746 4394 790 4463 (le)
807 4395 836 4452 B
