2972 5000
1175 391 1224 448 XV

139 576 292 656 Codicis
308 581 347 656 »b
384 591 425 655 ut
458 580 576 655 multo
612 579 764 656 minoris
797 579 905 678 pretii
939 591 975 654 et
1006 606 1073 678 per
1106 582 1224 657 uarias

32 757 33 830 ,
93 701 366 776 uicissimdines
407 702 455 775 ab
495 699 644 776 illorum
684 700 782 774 sonte
825 697 982 774 deriuari
1021 701 1224 800 scripturas

94 821 249 920 carptim
289 833 435 896 tantum
462 821 675 912 memorem,
717 822 856 897 scilieet
893 821 959 896 nbi
994 821 1111 920 (quod
1138 846 1226 896 sane

94 967 169 1015 raro
206 941 416 1016 admodum
449 939 586 1042 euenit)
620 953 685 1016 aut
717 941 817 1017 solus
844 943 1046 1042 genuinam
1073 968 1226 1019 manum

94 1062 256 1135 seruauit
296 1073 361 1136 aut
401 1085 484 1135 eum
524 1061 683 1136 editione
710 1061 987 1152 Baluziana,
1029 1063 1087 1137 eui
1128 1076 1226 1140 certe

94 1207 228 1279 magna
259 1193 433 1281 exparte
465 1209 533 1281 pro
572 1182 811 1258 fundamento
852 1184 963 1259 fuisse
991 1195 1131 1259 certum
1159 1197 1223 1281 est,

97 1303 266 1401 congruit
292 1313 357 1376 aut
382 1303 540 1402 denique
567 1303 736 1379 editionis
762 1305 941 1405 principis
968 1305 1225 1380 auctoritatem

96 1448 175 1496 sane
205 1423 378 1520 exiguam
406 1449 542 1521 augere
568 1423 777 1504 uidebatur.

138 1595 354 1668 Instructus
381 1595 495 1693 igitur
520 1595 578 1670 his
604 1595 739 1670 talibus
766 1595 939 1671 subsidiis
963 1596 1098 1671 criticis
1118 1601 1226 1696 (quo-

96 1741 171 1788 rum
198 1713 298 1814 ‘quis
324 1715 394 1790 soit
419 1741 465 1788 an
483 1716 643 1790 adiciant
669 1715 868 1791 hodiernae
887 1715 1044 1790 crastina
1061 1743 1228 1793 summae

97 1833 128 1906 di
153 1833 312 1934 superi')
345 1834 508 1910 Saluiani
534 1835 711 1934 opuscula
737 1847 821 1934 post
846 1836 1030 1934 insignem
1057 1837 1226 1913 Oaroli

96 1954 279 2029 Halmii
306 1981 457 2055 operam
475 1956 619 2030 auctori
640 1957 678 2030 in
697 1957 866 2049 editione,
897 1982 972 2055 qua
989 1958 1225 2034 Monumenta

98 2072 318 2149 Germaniae
359 2075 534 2150 historica
570 2076 743 2178 (Berolini
782 2073 895 2181 1877)
935 2077 1141 2178 felicissime
1178 2093 1224 2171 et,

98 2195 198 2268 utin
227 2195 295 2270 tali
321 2195 402 2272 uiro
430 2197 615 2296 expectari
640 2199 762 2296 potuit
786 2211 821 2274 et
840 2198 977 2292 debuit,
1006 2199 1227 2298 peritissime

101 2315 311 2415 auspicatus
338 2327 403 2408 est,
430 2329 607 2390 nauatam
634 2317 852 2393 adomauda
878 2320 1034 2417 suscepi.

144 2489 273 2588 Atque
309 2489 339 2563 si
374 2515 451 2564 non
486 2501 541 2564 est
577 2490 679 2588 quod
710 2491 901 2590 desperem
926 2491 1005 2564 fore
1031 2501 1073 2563 ut
1100 2489 1227 2588 aequis

101 2609 355 2708 beniuolisque
393 2609 575 2686 iudicibus
616 2637 726 2711 opera
763 2637 847 2685 mea
887 2609 1228 2710 quantulacumque

102 2740 177 2826 post
205 2741 286 2803 tam
310 2731 465 2828 insignis
494 2731 569 2806 uiri
595 2731 847 2808 recensionem
873 2732 921 2805 ad
948 2743 1137 2806 auctorem
1164 2731 1227 2804 ali-

103 2875 210 2947 quam
251 2850 377 2925 multis
416 2851 505 2926 locis
543 2853 600 2926 sui
635 2853 849 2942 similiorem
885 2851 1117 2927 reddendum
1152 2877 1228 2923 non

103 2970 186 3042 nihil
215 2971 382 3046 attulisse
407 2971 556 3046 uidear:
587 2969 717 3047 ‘totum
751 2972 914 3047 muneris
941 2972 1012 3046 hoc
1039 2969 1103 3045 est’
1133 2970 1228 3045 Aca·

104 3089 243 3165 demiae
277 3090 556 3166 inlustrissimas
587 3091 897 3186 Vindobonensis,
935 3116 1028 3190 quae
1063 3089 1227 3164 subsidia

104 3211 227 3286 critica
270 3211 448 3310 singulari
491 3211 711 3304 liberalitate
751 3224 787 3288 et
831 3211 1097 3287 officiosissime
1135 3210 1227 3283 mihi

104 3331 400 3431 suppeditauerit,
416 3333 582 3407 uirorum
596 3333 901 3427 doctissimorum,
918 3358 1011 3431 quos
1025 3331 1099 3405 iam
1113 3357 1226 3431 supra

105 3462 141 3524 ut
165 3451 306 3551 optime
333 3452 378 3526 de
405 3453 536 3528 studiis
563 3454 663 3530 hisce
680 3453 830 3529 meritos
846 3452 1018 3546 laudaui,
1045 3453 1228 3552 inprimis

106 3597 187 3647 uero
231 3571 408 3648 Guilelmi
446 3574 658 3647 Hartelii
696 3573 1007 3659 vindobonensis,
1049 3573 1114 3672 qui
1151 3599 1228 3647 non

107 3691 221 3767 solnm
260 3693 299 3766 in
335 3693 493 3793 plagulis
530 3693 757 3791 corrigendis
793 3703 924 3792 sponte
959 3719 1019 3767 me
1054 3692 1228 3767 adiuuare

108 3812 166 3886 sed
192 3813 302 3887 etiam
328 3814 523 3889 haesitanti
550 3813 735 3888 dubitanti
762 3814 898 3888 erranti
924 3839 998 3911 quo
1018 3824 1073 3887 est
1090 3810 1229 3910 ingenii

108 3933 281 4028 acumine,
318 3959 393 4032 qua
427 3933 651 4032 scriptorum
683 3921 1017 4030 ecclesiasticorum
1042 3929 1229 4005 familiari·
1348 3997 1358 4011 .

36 4113 41 4130 .
108 4063 185 4147 tate,
229 4079 303 4152 qua
344 4054 501 4152 denique
527 4079 715 4152 propensa
748 4054 787 4128 in
822 4081 882 4128 me
918 4053 1106 4128 uoluntate
1143 4077 1229 4127 cum

109 4173 415 4249 admonitionibus
448 4186 528 4248 tum
556 4174 874 4249 emendationibus
901 4173 1118 4272 gratissimis
1145 4197 1229 4247 suc·

110 4316 247 4369 currere
274 4295 442 4370 noluerit.
