3068 5012
439 398 478 453 de
497 397 630 468 gubern.
648 398 702 454 dei
725 399 779 455 VH
797 403 812 464 1
829 398 941 457 58-62.
1195 403 1256 470 175

119 589 235 656 mnndi
258 589 420 654 thesauros
443 589 590 656 uideatur
611 588 767 673 implesse.
791 592 823 656 61
845 591 920 674 quid
941 594 1013 674 post
1035 591 1132 657 haec?
1155 591 1257 668 exal:

118 697 254 759 tatum
280 696 355 768 661,
378 693 496 775 inquit,
526 711 589 760 cor
618 696 726 759 tuum
756 696 794 759 in
817 695 955 761 decore
983 697 1064 775 tuo,
1094 699 1257 778 propter

17 841 18 844 κ
117 795 426 862 multitudinem
463 798 726 879 peccatorum
762 799 917 862 tuorum
953 798 993 862 in
1032 801 1184 865 terram
1219 802 1257 863 16

17 901 18 938 ³
117 898 283 984 proieci.
321 899 475 981 quomodo
496 898 664 966 Africanae
693 900 851 983 potentiae
881 905 914 965 61
935 901 996 968 hoc
1024 903 1176 986 competit
1203 901 1307 968 autdl

17 1027 18 1046 ³
97 1003 385 1084 equomadmodum
408 1003 545 1084 proiecta
568 1021 634 1068 esse
657 1003 783 1069 uidetur
805 1002 996 1070 interram?
1022 1006 1173 1088 quomodo
1197 1005 1257 1070 nisi

119 1107 212 1189 quia,
237 1108 358 1188 qnando
382 1107 490 1172 amisit
512 1107 670 1189 potentiae
693 1106 810 1173 ueteris
833 1107 1048 1186 altitudinem,
1077 1108 1165 1190 quasi
1188 1126 1257 1174 oae-

119 1210 237 1275 lestom
258 1210 398 1291 perdidit
421 1211 634 1294 dignitatem?
665 1214 706 1274 et
728 1211 903 1290 educam,
926 1211 1040 1295 inquit,
1063 1214 1192 1296 ignem
1214 1216 1257 1279 ds

119 1313 249 1380 medio
276 1314 351 1391 tui,
386 1312 449 1378 hic
476 1314 514 1378 tc
542 1313 763 1381 deuorabit.
809 1314 970 1396 quidhoc
999 1315 1187 1380 renerius?
1221 1316 1258 1382 de

119 1416 228 1480 media
253 1415 369 1499 quippe
390 1434 498 1481 eornm
521 1416 690 1498 iniquitate
712 1417 796 1500 ignis
819 1420 938 1498 peccati
960 1416 1051 1496 exiit,
1080 1419 1134 1499 qui
1157 1418 1257 1486 felici-

86 1551 110 1590 ιο
119 1522 222 1584 tatem
244 1518 357 1602 prioris
380 1519 531 1601 temporis
554 1519 725 1589 deuorauit.
757 1524 793 1584 61
815 1537 961 1599 omnes,
985 1520 1105 1602 inquit,
1128 1521 1194 1602 qui
1218 1522 1257 1586 te

118 1625 450 1690 noneruntinter
472 1625 676 1700 nationes,
701 1626 1056 1690 contristabuntur
1072 1644 1186 1707 super
1208 1629 1255 1692 16.

119 1729 288 1794 conuenire
310 1727 377 1794 illis
399 1728 457 1794 hoc
480 1747 543 1796 non
564 1731 727 1812 putemus,
754 1729 782 1794 si
805 1749 866 1796 non
889 1730 1007 1794 euersio
1031 1729 1176 1796 Africani
1198 1729 1256 1796 soli

117 1833 226 1896 luctus
249 1833 298 1896 est
320 1834 439 1914 generis
462 1832 601 1898 hnmani.
636 1831 830 1915 perditio,
858 1834 970 1915 inquit,
1000 1832 1132 1898 factus
1159 1852 1198 1898 ss
1221 1835 1257 1898 et

117 1952 196 2000 non
222 1935 301 2000 eris
323 1935 496 2020 amplius
517 1935 557 2000 in
579 1938 795 2001 aeternnm.
818 1937 851 2002 in
873 1937 1080 2018 perditionem
1103 1937 1166 2005 iam
1189 1936 1258 2002 illic

86 2065 108 2104 15
118 2040 255 2104 deducta
278 2037 386 2103 omnia
406 2038 485 2104 satis
501 2043 639 2104 constat:
662 2043 804 2122 superest
819 2059 858 2106 no
874 2040 1027 2108 malorum
1045 2039 1257 2120 praesentium

116 2160 237 2224 poenas
263 2141 359 2208 etiam
381 2145 580 2208 aeternorum
601 2143 795 2208 continuatio
820 2147 1050 2224 consequatur.¹

161 2245 233 2310 XV.
257 2244 328 2311 Non
350 2245 488 2326 patiatur
510 2245 701 2316 hocantem
721 2263 778 2328 pro
792 2246 906 2310 affectu
929 2263 1002 2310 suae
1023 2245 1255 2312 misericordiae
1265 2241 1307 2307 62

117 2349 204 2416 deus.
228 2367 304 2414 nam
327 2352 479 2430 quantum
501 2349 542 2413 ad
560 2350 708 2414 meritum
724 2351 899 2414 nostrorum
918 2349 1084 2414 criminum
1108 2349 1254 2430 pertinet,

116 2453 167 2518 ita
188 2471 223 2516 66
246 2470 295 2516 res
319 2451 423 2531 babet,
448 2453 484 2518 ut
499 2452 567 2535 pati
583 2471 672 2536 posse
688 2453 842 2519 uideatur.
871 2451 946 2534 quid
962 2451 1046 2516 enim
1061 2452 1254 2534 piaculorum

85 2557 169 2623 6661
190 2574 255 2620 non
277 2555 344 2620 illio
366 2575 487 2639 semper
509 2557 708 2625 admissum?
752 2575 809 2622 nec
832 2557 869 2621 de
898 2555 1044 2622 omnibus
1067 2556 1152 2638 dico,
1182 2557 1256 2638 quia

117 2661 151 2724 et
174 2661 316 2724 enormia
345 2659 408 2724 lere
436 2665 510 2726 sunt
538 2662 569 2726 et
598 2661 671 2729 sciri
693 2681 733 2726 ac
754 2661 816 2729 dici
838 2662 933 2728 tanta
957 2669 1180 2742 nonpossint.
1218 2661 1256 2726 de

117 2763 187 2828 sola
210 2761 262 2828 uel
284 2763 420 2829 maxime
443 2764 634 2831 obscenitate
657 2765 878 2847 impuritatum
899 2764 1009 2846 loquor
1031 2764 1079 2847 et,
1103 2763 1183 2846 quod
1207 2765 1256 2828 est

116 2864 258 2952 gramm,
286 2865 533 2950 sacrilegiorum.
563 2867 783 2952 praetermitto
814 2869 846 2932 in
869 2868 973 2951 aliquo
995 2868 1113 2933 rabiem
1136 2867 1255 2952 cupidi·

115 2969 213 3046 tatis,
242 2967 358 3032 uitium
386 2970 483 3036 totius
505 2961 640 3054 generis
659 2971 807 3036 humani:
836 2974 996 3053 praetereo
1025 2970 1177 3036 auaritiae
1206 2972 1255 3034 in-

84 3101 107 3141 6
115 3071 361 3154 humanitatem,
384 3075 544 3156 proprium
561 3079 608 3138 est
624 3065 836 3140 Romanorum
850 3093 949 3157 paene
964 3073 1104 3138 omnium
1118 3073 1254 3138 malum:

115 3177 315 3259 relinquatur
338 3177 482 3257 ebrietas,
503 3177 657 3245 nobilibus
672 3161 925 3263 ignobilibusque
940 3176 1130 3254 communis;
1148 3177 1254 3241 tacea-

11 3399 12 3408 ,
224 3341 357 3402 11116611.
375 3341 417 3407 28,
437 3343 470 3397 11
575 3339 769 3406 turcanae,
789 3340 822 3394 18
926 3338 1132 3404 1016661628,
1152 3339 1184 3392 19

116 3431 151 3485 13
168 3429 266 3488 Erech.
286 3430 329 3496 28,
348 3429 382 3484 19
1105 3463 1107 3470 .

168 3577 187 3630 4
212 3578 260 3630 ant
278 3593 311 3631 66
329 3577 361 3630 ut
378 3576 406 3629 A
424 3591 493 3630 corr.
511 3575 586 3628 ca2
688 3575 778 3641 bque
796 3569 950 3626 ammodum
973 3573 1001 3626 A
1103 3571 1120 3627 6
1144 3573 1207 3642 quia
1224 3571 1252 3627 Β

114 3679 136 3718 a.
156 3663 173 3717 l.
282 3659 438 3732 iparderet
456 3661 484 3716 B
586 3657 715 3714 timedio
739 3661 766 3713 A
871 3658 905 3713 14
922 3658 1139 3728 imperditionem
1156 3660 1183 3713 A

115 3748 177 3804 illic
200 3749 257 3801 iam
278 3749 306 3802 B
408 3749 443 3802 16
464 3749 573 3802 aeterna
596 3746 624 3800 B
725 3745 758 3798 21
777 3745 893 3799 inermia
907 3750 1022 3813 praedm
1040 3745 1067 3797 B
1085 3750 1112 3799 et
1129 3746 1157 3797 A
1173 3745 1254 3799 16161

115 3840 181 3890 m.1
288 3835 354 3887 scire
371 3834 398 3887 A
502 3833 536 3886 22
553 3831 619 3901 quid
637 3831 665 3885 B
763 3830 799 3884 24
816 3833 864 3884 ‘est
882 3831 976 3897 totius,
994 3831 1094 3884 molim’
1111 3830 1250 3896 Halmius,

115 3922 164 3975 6661
182 3919 270 3975 ouen
284 3921 450 3988 paulopost
468 3919 648 3974 ‘sorbendum
658 3917 773 3972 61616111
783 3917 933 3972 communis
951 3918 1008 3984 (ael
1019 3920 1168 3981 commune)
1187 3917 1252 3984 est’;

115 4013 249 4061 neutrum
275 4005 453 4072 crediderim
481 4006 563 4060 immo
589 4004 743 4059 1161616666
756 4017 818 4058 eoo
844 4017 918 4058 more
950 4004 1097 4058 dictionem
1127 4003 1253 4058 66616666

113 4092 261 4160 putandus
271 4097 335 4155 aaa·
357 4093 484 4159 (cecam
495 4092 527 4145 16
544 4092 572 4145 A
588 4091 627 4145 616
641 4089 854 4158 iatcrpwnpitar
871 4089 959 4144 locus.-
977 4088 1089 4142 humani
1106 4091 1251 4156 praetereo.

117 4178 260 4232 Auaritiaa
277 4180 339 4243 616.)
442 4177 476 4232 25
502 4177 574 4247 qnod
596 4175 733 4244 proprium
757 4175 785 4229 B
888 4175 1052 4230 2661611666
1070 4191 1091 4230 6.
1110 4189 1160 4231 sor.
1178 4176 1252 4229 612

117 4264 215 4332 11(616)
233 4265 262 4317 A
346 4262 566 4332 ignobilibnrqne
583 4278 617 4316 ec
636 4261 697 4331 -qui
715 4262 743 4315 A
760 4277 830 4316 corr.
843 4266 910 4318 m.2
994 4262 1252 4316 communaeoceatur

119 4350 176 4418 (616)
196 4351 224 4405 A
242 4350 291 4406 aed
308 4366 323 4404 6
341 4350 374 4405 isa
391 4366 530 4404 commune
547 4365 614 4406 uoce
631 4365 666 4403 ccc
683 4348 693 4402 i
710 4364 782 4403 corr.
