3096 5018
299 424 362 489 302
783 421 943 475 Saluieni

303 612 393 694 quasi
415 575 577 676 umbratili
600 614 733 692 quadam
756 610 926 676 adiectione
950 615 1100 676 sonantur
1129 611 1267 678 dieentes
1291 616 1431 690 cunctor,

301 715 354 796 qui
383 713 511 778 credant
540 713 648 792 deum,
681 731 769 778 sanos
799 715 926 778 tantum
953 713 1046 796 atque
1074 714 1245 780 incolumes
1274 715 1431 782 ofrieiosos

301 815 425 882 Christo
448 835 513 882 esse
536 817 657 894 debere,
688 818 825 881 osterum
852 815 918 880 iam
940 817 1086 882 exeuntes
1109 836 1125 882 e
1147 818 1270 883 saeeulo
1294 820 1430 885 earnalis
1537 827 1538 896 l

300 918 400 1002 magis
428 918 670 1003 propinquitatis
699 936 793 1000 quam
822 919 919 984 diuini
949 919 1045 985 ofiioii
1074 925 1215 1003 oportere
1237 921 1429 987 meminisse.
1537 915 1538 948 ³

301 1026 390 1108 quasi
417 1042 490 1089 uero
517 1023 658 1088 homines
680 1021 874 1088 Christianos
903 1023 980 1088 alios
1003 1041 1070 1088 esse
1093 1025 1235 1105 oporteat
1256 1025 1430 1091 ineolumes
1456 1049 1473 1090 ⁵

300 1129 376 1193 alios
406 1130 443 1193 de
472 1126 529 1192 hoe
557 1125 677 1191 saeculo
697 1127 903 1226 'recedentes‘
925 1131 957 1209 et
980 1127 1062 1226 ²alios
1084 1147 1115 1191 se
1146 1129 1250 1193 euneti
1280 1129 1429 1195 exhibere
1537 1127 1538 1212 l

301 1229 423 1295 Christo
446 1229 580 1294 debeant
602 1229 636 1292 in
658 1215 807 1310 sospitate
831 1217 909 1293 alios
934 1230 965 1294 iu
988 1221 1098 1308 morte,
1123 1231 1199 1296 alios
1222 1231 1255 1296 in
1273 1234 1429 1316 superiore
1537 1213 1538 1308 l

272 1333 367 1398 4uita
395 1334 472 1400 alios
502 1335 534 1398 in
562 1333 741 1415 posteriore.
781 1333 916 1413 quodsi
944 1332 992 1398 ita
1020 1337 1067 1397 est
1096 1352 1167 1418 ergo
1202 1335 1338 1401 alterum
1360 1339 1430 1419 quis
1537 1311 1538 1362 l

281 1431 465 1501 habiturus
482 1437 533 1500 est·
547 1435 707 1501 Christum
721 1437 844 1502 iuuenis
860 1436 994 1500 alterum
1009 1447 1110 1520 senex,
1135 1441 1165 1502 et
1183 1438 1300 1504 totiens
1316 1441 1431 1504 debent

301 1537 440 1604 homines
468 1540 622 1604 demutari
650 1537 710 1603 fide
739 1538 879 1619 quotiens
907 1537 1109 1632 demutantur
1140 1542 1252 1606 aetate.
1290 1543 1316 1606 si
1346 1545 1431 1625 enim
1444 1567 1475 1607 ro

302 1653 376 1725 erga
405 1637 455 1706 dei
484 1642 603 1706 nultum
633 1642 712 1730 alter
744 1641 901 1724 quispiam
921 1640 1047 1706 intortis
1063 1643 1119 1708 *est
1140 1643 1251 1726 uigens
1275 1643 1356 1710 alter
1378 1647 1430 1710 in-

301 1745 420 1823 firmos,
449 1746 534 1810 ‘alter
563 1762 655 1824 sanus
683 1745 763 1810 alter
790 1745 974 1828 aegrotans,³
994 1761 1066 1828 ergo
1095 1751 1185 1829 prout
1200 1751 1309 1814 status
1333 1749 1430 1814 fuerit

301 1849 431 1912 humani
462 1849 596 1930 eorporis
624 1849 807 1938 inaequalis,
835 1847 882 1913 ita
910 1849 975 1914 erit
999 1850 1120 1915 homini
1148 1853 1243 1917 etiam
1266 1853 1341 1918 deus
1363 1854 1432 1936 ipse

302 1951 473 2029 mutabilis,
508 1955 539 2015 et
573 1951 716 2032 quotiens
750 1952 909 2019 fueritin
938 1955 1062 2018 homine
1086 1955 1230 2020 ¹ualitudo
1265 1955 1432 2039 contraria,
1537 2027 1538 2040 ἶ

301 2053 418 2119 totiens
448 2053 519 2117 erit·
536 2053 632 2118 etiam
661 2055 771 2137 religio
801 2056 941 2122 diuersa:
971 2059 1058 2139 quasi
1088 2074 1162 2123 uero
1186 2059 1240 2140 qui
1261 2059 1473 2124 ineolumesrs

272 2154 419 2226 5Christi
453 2175 519 2220 esse
553 2158 665 2223 debent
698 2159 864 2226 morientes
888 2157 1005 2225 Christi
1034 2175 1191 2226 essenon
1218 2163 1359 2227 debeant.
1400 2166 1434 2226 et

303 2259 356 2323 nbi
371 2259 451 2322 illud
468 2261 530 2324 est:
556 2261 621 2341 qui
644 2263 966 2344 perseuerauerit
989 2260 1026 2327 in
1050 2263 1187 2349 finem,
1210 2263 1273 2328 hie
1296 2264 1434 2330 saluus

303 2361 402 2440 erit,
426 2365 480 2427 aul
503 2363 582 2428 illud
605 2363 637 2427 iu
659 2365 833 2455 prouerbiis
856 2366 952 2432 saeris
969 2367 1069 2433 diuini
1085 2363 1237 2432 sermonis
1253 2367 1432 2433 oraculum:

304 2465 508 2546 sapientia
531 2465 569 2530 in
592 2469 703 2531 exitu
727 2468 907 2535 eanithr?
936 2489 995 2552 quo
1019 2471 1127 2552 utique
1151 2470 1334 2549 ostenditur,
1358 2471 1435 2536 lieet

304 2567 438 2633 salubris
460 2570 503 2632 sit
525 2570 664 2633 inomni
687 2572 789 2636 aetate
812 2573 975 2654 sapientia,
1005 2575 1168 2656 praeeipue
1184 2576 1304 2658 tamen
1327 2569 1473 2639 'omuesro

290 2669 337 2734 iu
361 2671 445 2737 exitu
469 2689 523 2735 sno
547 2673 657 2738 debere
680 2693 745 2739 esse
768 2675 934 2756 sapientes,
958 2679 1032 2758 quia
1054 2677 1176 2742 laudari
1198 2675 1320 2758 penitus
1343 2695 1435 2758 prae-

304 2776 416 2840 teritae
446 2776 556 2841 aetatis
585 2778 749 2858 prudentia
777 2794 837 2843 nou
867 2779 1048 2858 merebitur,
1078 2781 1139 2846 nisi
1162 2780 1332 2847 honofine'
1348 2781 1436 2844 elau·

275 2880 413 2962 Cdatur5
442 2879 595 2974 sapientia
623 2881 706 2945 enim
735 2881 769 2946 in
801 2883 885 2946 eritu
915 2882 1046 2948 oanitur.
1085 2903 1140 2948 our
1169 2900 1235 2948 eam
1264 2898 1325 2947 non
1354 2883 1435 2948 dixit
1537 2927 1538 2930 =

306 3087 318 3132 ,·
372 3121 373 3124 t
408 3065 669 3130 rimaturum
771 3068 804 3120 ro
824 3067 902 3124 rrae.
921 3069 945 3134 1,
964 3067 998 3121 ao
1333 3090 1335 3099 ,
1537 3061 1538 3124 l

355 3236 372 3289 2
390 3236 499 3290 erodant
513 3236 571 3308 (ste)
589 3237 617 3290 A
635 3240 692 3304 (ph
716 3237 826 3290 eredunt
844 3237 871 3290 Β
965 3238 981 3291 3
1000 3238 1022 3308 e]
1040 3253 1071 3290 ae
1088 3238 1116 3292 A
1143 3253 1159 3290 a
1177 3237 1203 3292 Β
1297 3239 1313 3292 6
1329 3240 1437 3297 exibere

304 3323 332 3384 B
418 3323 433 3374 'l
453 3320 613 3390 setpetuet.)
627 3323 739 3376 debeant
757 3323 784 3376 Β
871 3321 904 3376 10
922 3321 1056 3376 demutari
1070 3340 1102 3377 ere
1121 3339 1162 3376 -re
1175 3317 1242 3378 eoru.
1255 3328 1320 3379 Μ
1338 3324 1366 3378 Β

306 3409 339 3462 14
355 3409 481 3462 ualetudo
500 3423 534 3462 ex
551 3407 633 3461 ualit·
652 3423 722 3463 corr.
739 3425 774 3462 ru.
789 3412 807 3462 2
824 3409 852 3462 A
947 3409 980 3462 18
997 3408 1098 3462 diuinis
1114 3425 1182 3462 eras.
1202 3425 1214 3461 s
1232 3399 1266 3463 A¹
1329 3426 1331 3434 ’
1354 3411 1389 3464 19
1407 3413 1437 3466 in

305 3496 380 3548 exitu
398 3492 513 3564 oanitnr]
532 3494 582 3548 ‘est
592 3495 666 3560 falsa
677 3495 868 3562 interpretatio
878 3494 1027 3548 asotorum
1039 3499 1128 3563 σοφία
1141 3496 1170 3548 ἐν
1184 3495 1291 3554 ἐξόδοις
1304 3495 1436 3565 ὑμνεῖται

291 3581 400 3650 ,(Μρ.
423 3581 556 3648 sapientia
577 3581 645 3634 foris
667 3580 824 3650 praedictet
852 3581 984 3639 Halmius
1087 3581 1120 3634 23
1148 3581 1310 3650 sapientia-
1325 3583 1435 3638 canitur

306 3683 355 3722 oue.
378 3683 416 3736 p;
444 3666 563 3736 sequitur
585 3666 687 3722 deinde
709 3667 742 3726 ta
761 3683 784 3736 p
807 3665 917 3742 stertet.
936 3671 1002 3720 ante
1019 3665 1178 3742 Halmium:
1205 3666 1315 3731 suffieit,
1342 3669 1435 3740 inquit

306 3751 434 3820 pestilens
458 3750 628 3819 praedicatio,
651 3751 752 3805 suffieit
777 3750 952 3819 praeteritum
971 3766 1037 3819 opus
1056 3751 1166 3818 homini,
1190 3753 1272 3804 etiam
1291 3752 1313 3804 si
1332 3752 1361 3805 in
1381 3754 1435 3808 fine

306 3837 378 3890 nihil
395 3837 485 3890 faeiat.
512 3854 562 3906 ego
586 3838 671 3891 molto
690 3837 751 3906 plus
770 3836 848 3904 addo,
873 3840 992 3890 autnon
1009 3837 1098 3890 minus
1116 3838 1162 3902 eis,
1189 3839 1213 3890 si
1230 3840 1327 3906 potest,
1347 3844 1435 3894 morte

307 3924 404 3988 uicina,
431 3927 479 3976 aut
506 3925 576 3976 eerte
602 3923 662 3991 plus
689 3925 775 3978 multo
802 3940 858 3976 esse
881 3922 1040 3977 feriendum.
1070 3923 1196 3992 primum,
1225 3925 1289 3992 quia
1313 3923 1345 3978 de
1363 3926 1435 3980 bone

307 4025 384 4079 opere
407 4008 477 4062 nihil
500 4009 580 4062 nimis
603 4013 651 4066 est.
683 4009 778 4064 deinde
801 4009 871 4078 quod
890 4009 923 4062 ad
941 4009 1063 4063 tribunal
1081 4008 1123 4062 dei
1141 4023 1253 4077 pergens
1271 4009 1358 4077 magis
1377 4013 1435 4080 pla-

307 4103 376 4150 oar'e·
388 4093 504 4148 iudicem
523 4094 608 4162 debet,
632 4096 708 4165 quasi
726 4097 779 4149 iam
798 4097 828 4148 in
847 4088 952 4148 in'dieio·
963 4097 1135 4149 constitutus.
1166 4099 1298 4163 postremo
1322 4096 1394 4164 quod
1413 4099 1436 4151 si

305 4182 398 4250 aliqua
415 4184 479 4235 ante
497 4181 598 4234 exitum
616 4181 686 4235 hona
705 4181 777 4246 feeit,
793 4181 879 4234 multe
897 4181 985 4250 magis
997 4182 1081 4234 faeere
1094 4181 1188 4254 iamin
1202 4179 1334 4234 exitusno
1347 4181 1435 4248 dehet,

306 4283 341 4321 ne
360 4267 474 4321 deterior
492 4267 595 4321 scilieet
614 4267 793 4336 superioribus
805 4267 881 4321 uitte'
891 4266 995 4320 ortibus
1007 4265 1071 4319 finis
1084 4280 1139 4320 esse
1151 4264 1281 4320 uideatur.
1307 4265 1331 4318 si
1344 4271 1435 4322 autem

309 4357 372 4407 ante
391 4356 463 4417 (ante
481 4369 529 4406 om.
549 4353 590 4406 ed.
608 4354 716 4419 Batus.)
735 4354 812 4407 honis
834 4353 958 4421 operibus
982 4368 1075 4420 parum
1099 4351 1212 4418 studuit,
1237 4351 1322 4405 multo
1341 4353 1436 4422 utique
