2972 5000
173 481 180 499 l
274 407 275 412 ’
298 404 340 472 38
786 399 939 454 Saluieni
1010 355 1014 366 Ι

299 591 463 673 domini,
487 591 604 657 filius
627 592 694 674 qui
717 593 960 655 catenatus
983 590 1045 653 est
1066 590 1269 653 morietur.
1300 589 1427 670 praeter

298 715 430 780 poenam
461 697 589 762 acerbae
621 693 765 760 orbitatis
789 693 884 758 etiam
906 689 1086 757 huno‘addi
1108 690 1248 774 piissimo
1271 693 1353 774 patri
1374 691 1427 755 in-

297 799 460 865 tellectum
473 799 588 864 summi
604 797 748 881 supplicii
764 799 838 862 deus
852 795 963 873 uoluit,
988 798 1024 859 ut
1041 794 1239 860 dilectissimo
1255 795 1318 859 filio
1334 813 1428 860 causa
1474 841 1475 844 ,

297 903 406 982 mortis
438 905 526 987 pater
555 903 620 983 ipse
654 897 799 966 existeret
828 898 881 980 qni
914 897 1048 976 doleret,
1082 917 1153 962 oum
1186 897 1294 980 utique
1316 900 1427 964 natum

298 1024 334 1071 ex
356 1005 485 1070 crimine
507 1024 637 1087 puerum
661 1005 779 1071 crimen
801 1003 905 1087 ipsum
928 1002 1094 1081 occideret,
1117 1002 1199 1084 quod
1222 1006 1366 1066 creasset.
1448 1029 1462 1070 s

246 1147 285 1212 21
342 1141 381 1206 V.
406 1141 473 1207 Hoc
496 1160 568 1224 ergo
591 1143 730 1225 primum
752 1145 799 1206 est
816 1140 941 1204 diuinae
957 1130 1234 1205 animaduersionis
1257 1139 1426 1215 exordium,

297 1246 433 1330 primum
462 1244 569 1326 utique
597 1263 660 1309 non
689 1243 800 1309 solum.
845 1245 950 1308 secuta
978 1260 1112 1324 namque
1136 1244 1184 1307 est
1206 1261 1427 1308 aerumnarum

297 1349 472 1430 ingentium
505 1347 598 1432 longa
632 1349 726 1412 series
757 1348 850 1429 atque
881 1365 898 1411 a
928 1346 1019 1411 domo
1049 1346 1114 1411 eius
1143 1345 1227 1430 iugis
1258 1347 1427 1412 admodum

296 1453 450 1516 malorum
479 1451 668 1516 continuatio
694 1469 757 1514 non
790 1449 927 1514 recessit.
973 1449 1108 1514 Thamar
1135 1449 1288 1515 Amnonis
1321 1450 1426 1514 furore

292 1551 521 1635 corrumpitur,
550 1553 676 1620 Amnon
704 1553 742 1618 eb
774 1551 929 1618 Absalone
957 1551 1128 1635 iugulatur.
1168 1553 1269 1618 scelus
1299 1553 1425 1635 quidem
1435 1582 1459 1622 ro

296 1657 414 1741 grande
444 1655 483 1721 ab
506 1675 568 1722 uno
597 1657 695 1721 fratre
725 1656 960 1748 committitur,¹
978 1658 1030 1721 sed
1059 1655 1147 1739 peius
1175 1656 1214 1720 ab
1237 1656 1299 1721 alio
1321 1655 1425 1722 uindi-

296 1761 394 1826 catur.
432 1761 512 1827 inter
544 1760 621 1825 haec
653 1759 755 1824 Dauid
792 1761 882 1841 pater
918 1760 1056 1825 facinore
1090 1759 1253 1842 utriusque
1286 1759 1422 1841 punitur.

295 1856 356 1926 duo
371 1861 429 1928 filii
443 1865 580 1946 peccant,
605 1862 659 1929 sed
674 1865 737 1928 tres
753 1863 885 1927 duorum
900 1863 1014 1927 scelere
1029 1864 1217 1948 perduntur;
1239 1864 1273 1927 in
1289 1862 1425 1928 Thamar

248 2025 250 2040 ,
296 1965 379 2029 enim
400 1965 566 2049 uirginitas
589 1965 757 2042 amittitur,
780 1967 814 2030 in
830 1967 973 2031 Amnone
990 1966 1084 2030 etiam
1100 1964 1268 2030 Absalonis
1291 1965 1425 2049 perditio

296 2064 430 2152 lugetur.
469 2071 501 2132 et
524 2068 650 2152 quidem
673 2069 792 2134 nescias
822 2087 914 2151 quem
937 2068 974 2132 de
996 2067 1071 2133 filiis
1094 2067 1212 2134 duobus
1234 2070 1301 2134 tam
1322 2067 1457 2136 bonusne

296 2163 535 2258 pater‘grauius
559 2171 720 2252 amiserit,
742 2171 834 2237 illum
857 2172 910 2256 qui
933 2190 1027 2236 manu
1049 2171 1157 2236 fratris
1180 2171 1298 2238 occisus
1321 2172 1370 2236 est
1392 2169 1424 2235 in

244 2277 286 2344 22
295 2273 354 2344 hoo
376 2275 509 2351 saeculo,
535 2276 688 2341 anillam
711 2275 764 2357 qui
787 2295 843 2340 sua
865 2274 959 2358 periit
982 2275 1014 2340 in
1037 2275 1153 2340 futuro.
1176 2276 1240 2340 iam
1256 2293 1329 2340 uero
1352 2273 1425 2339 hinc

296 2375 384 2443 iuxta
407 2378 540 2443 uerbum
563 2379 612 2444 dei
634 2377 874 2445 inaestimabilis
896 2376 973 2443 mali
1000 2379 1153 2444 cumulus.
1183 2379 1309 2443 insidias
1330 2379 1384 2443 diu
1407 2397 1424 2444 a

294 2480 359 2546 filio
381 2484 471 2563 pater
493 2483 628 2564 patitur,
659 2499 753 2566 regno
775 2483 904 2565 pellitur
927 2484 973 2558 et,
1004 2501 1042 2548 ne
1069 2483 1244 2562 occidatur,
1274 2483 1424 2567 profugus

295 2583 443 2649 abscedit.
477 2585 629 2666 impurior
652 2584 771 2651 nescias
794 2604 833 2649 an
856 2587 1013 2650 cruentior
1035 2583 1130 2665 filius,
1154 2585 1229 2666 quia
1250 2585 1455 2654 interficerem

294 2687 418 2769 patrem
439 2704 500 2749 non
522 2689 625 2767 potest
647 2685 825 2768 parricidio,
848 2688 953 2753 foedat
974 2688 1097 2753 incestu
1114 2688 1285 2770 etquidem
1300 2689 1423 2752 incestu

293 2789 418 2872 praeter
441 2788 553 2857 incesti
569 2788 657 2854 nefas
672 2807 727 2870 per
744 2790 932 2855 industriam
948 2791 1167 2856 adcumulandi
1183 2791 1308 2856 sceleris
1331 2792 1421 2868 elato,

294 2910 369 2980 cum¹
392 2891 499 2974 ntique
521 2890 652 2966 facinus,
676 2893 758 2973 quod
780 2892 876 2958 etiam
898 2897 1019 2959 secreta
1042 2895 1251 2959 abominabile
1275 2893 1421 2976 facerent,

294 2999 475 3074 persecutor
497 2993 634 3076 parentis
657 2996 781 3080 publice
803 2997 1006 3080 perpetrarit,
1034 2997 1155 3061 scilicet
1177 3000 1213 3061 ut
1235 2995 1421 3061 feralissimo

279 3093 425 3162 'crimine
454 3115 514 3163 non
545 3101 634 3180 pater
655 3101 780 3164 tantum
810 3102 923 3182 absens¹
948 3100 1190 3178 deformaretur,
1219 3118 1314 3183 quam
1341 3099 1454 3170 conlisa

239 3202 285 3268 23
295 3201 391 3264 etiam
413 3201 509 3265 totius
533 3203 615 3267 orbis
638 3201 765 3285 publico
781 3201 980 3267 foedarentur
993 3204 1123 3268 incestu.
1148 3202 1212 3268 iam
1234 3205 1260 3268 si
1283 3205 1423 3269 addenda

294 3304 343 3366 est
358 3303 390 3366 et
405 3305 500 3384 ipsius
517 3304 608 3386 fugae
625 3305 729 3384 facies,
754 3305 845 3389 quale
860 3305 940 3370 illud
956 3305 1026 3385 fuit,
1050 3324 1121 3371 cum
1142 3307 1248 3371 tantus
1271 3327 1323 3370 rex
1339 3305 1420 3372 tanti
1474 3311 1475 3396 i

293 3404 438 3485 nominis,
462 3407 583 3472 eunctis
598 3406 723 3490 regibus
752 3408 845 3473 altior
867 3412 982 3474 mundo
998 3409 1106 3489 maior,
1130 3429 1236 3475 omnes
1252 3411 1420 3476 admodum
1474 3423 1475 3454 ³

293 3525 365 3572 snos
381 3525 452 3572 cunr
467 3509 662 3593 paucissimis
679 3512 776 3576 seruis
792 3511 922 3596 fugeret,
944 3510 978 3575 in
993 3514 1222 3593 comparatione
1237 3513 1356 3579 dudum
1372 3513 1419 3580 aui

396 3669 619 3741 numm

343 3815 426 3870 iest
449 3831 499 3870 om.
523 3817 552 3871 Β
664 3819 821 3873 dedomo
840 3817 890 3872 uis
915 3819 1059 3875 admodum
1082 3821 1110 3874 A
1223 3821 1255 3875 10
1281 3821 1419 3876 Amsalone

290 3895 318 3982 Β
403 3902 453 3960 ’,11
473 3901 547 3956 abes*
564 3917 580 3956 o
598 3902 663 3960 add.
682 3904 714 3960 io
731 3920 781 3976 nep.
805 3916 856 3960 uno
879 3921 898 3958 a
921 3906 1102 3972 Brosaicorro,
1126 3913 1158 3962 at
1180 3907 1306 3962 cidem:
1334 3908 1419 3962 abono

290 3985 346 4060 ἈΒ
438 3987 484 4042 sed
496 3987 571 4058 peius
584 3991 674 4044 tamen
687 3990 715 4046 Β
731 3993 830 4060 (tamar
843 4007 893 4046 om.
907 3993 935 4046 A
946 3992 1020 4062 quod
1032 4009 1089 4048 ooo
1101 3993 1194 4049 adnot.
1208 3993 1349 4064 Haimico)

291 4071 326 4152 12
352 4074 428 4139 pater
454 4071 543 4128 Dauid
572 4075 599 4129 Β
703 4076 737 4130 14
763 4077 922 4131 admittitur
944 4078 972 4131 Β
995 4083 1064 4132 m.1
1166 4080 1300 4134 Amnonee
1324 4079 1351 4133 A

291 4156 324 4211 17
334 4155 407 4227 hinc]
419 4159 483 4214 huic
495 4160 528 4214 Β
609 4161 642 4215 19
655 4163 776 4232 profugis
788 4162 816 4217 Β
909 4163 943 4217 24
954 4167 1121 4233 perpetraret
1132 4166 1160 4219 Β
1171 4166 1236 4232 sort.
1250 4167 1350 4221 roetico

290 4243 324 4297 26
348 4243 431 4313 orbis]
455 4246 530 4300 urbis
548 4249 593 4315 (ao.
611 4246 874 4320 Hierosolymorum)
893 4249 1091 4305 Ritterelorceica
1193 4251 1227 4305 29
1248 4251 1330 4306 seruis
1342 4251 1417 4305 Hor·

289 4327 382 4384 telius:
410 4331 465 4383 suis
483 4331 539 4386 AB
556 4333 687 4388 Halmius
