3036 5004
391 1187 407 1226 ἰ
513 1149 727 1246 LIBER
761 1149 833 1248 Vl.

149 1428 178 1494 Ι.
211 1427 420 1494 Personaliter
457 1427 511 1494 diu
546 1426 644 1494 locuti
680 1441 788 1492 sumus
824 1427 856 1490 et
893 1425 1057 1492 excessisse
1095 1424 1266 1499 uidemuri

108 1530 250 1612 regul-am
282 1530 473 1612 disputandi
510 1528 628 1614 cogitat
658 1529 741 1596 enim
770 1528 886 1610 absque
916 1527 1008 1595 dubio
1032 1527 1059 1591 is
1083 1528 1136 1610 qui
1160 1527 1238 1610 legit

112 1634 151 1718 (si
175 1633 272 1700 fuerit
294 1635 400 1701 tamen
423 1632 546 1716 aliquis,
569 1632 623 1715 qui
638 1630 715 1698 haec
730 1629 849 1698 Christi
872 1649 977 1698 amore
1001 1630 1177 1712 conscripta
1199 1631 1237 1700 ob

88 1735 271 1804 schristum
298 1738 409 1823 leget),
443 1737 561 1821 cogitat
589 1739 628 1802 de
644 1755 700 1806 me
729 1735 810 1803 forte
838 1735 889 1802 uel
919 1734 1015 1802 dicit:
1049 1751 1121 1800 cum
1144 1749 1238 1800 causa

108 1839 264 1924 generalis
298 1841 349 1918 sit,
382 1857 476 1922 qnam
510 1839 697 1926 exsequitur,
733 1839 807 1923 quid
835 1839 960 1923 negotio
990 1838 1062 1904 huic
1091 1835 1235 1916 contulit,

107 1947 190 2028 quod
212 1945 246 2008 in
268 1961 433 2026 personam
467 1945 560 2011 unius
595 1945 683 2012 unm
712 1943 894 2028 congessit?
928 1944 992 2008 esto
1014 1977 1056 1990 -
1079 1940 1239 2023 putaueris

108 2048 193 2113 enim
208 2085 252 2096 —
267 2047 332 2126 ille,
354 2047 393 2112 de
409 2065 468 2130 quo
483 2047 606 2114 locutus
623 2050 680 2126 cst,
703 2047 780 2113 talis
802 2046 860 2114 sit:
885 2046 939 2112 sed
961 2045 1121 2126 numquid.
1137 2043 1238 2112 officit

107 2149 247 2218 bonitati
275 2149 367 2216 unius
395 2151 510 2216 crimen
541 2150 680 2230 alterius,
717 2153 781 2228 aut,
815 2151 896 2232 qnod
910 2147 1032 2217 ⁴fortius
1055 2149 1155 2213 multo
1180 2147 1238 2225 est,

77 2281 98 2321 sc
106 2252 261 2337 numquid
283 2252 417 2320 laeditur
439 2256 554 2318 scelere
577 2254 731 2337 personali
755 2271 851 2320 causa
873 2251 1094 2318 cunctemur
1111 2251 1268 2334 pessumi

106 2359 237 2442 quidem
254 2355 453 2424 euidentibus
474 2356 664 2424 testimoniis
679 2356 857 2439 adprobare,
876 2356 948 2438 quia
963 2355 1107 2422 laeditur.
1135 2353 1255 2420 Achar.

106 2461 195 2526 enim
230 2461 386 2542 quondam
416 2459 453 2524 de
484 2459 684 2526 anathemate
718 2459 878 2543 quippiam
912 2458 996 2526 iurto
1031 2457 1172 2534 abstulit,
1206 2457 1239 2522 et

106 2565 228 2632 crimen
262 2563 355 2630 unius
389 2563 523 2631 hominis
551 2565 647 2648 plaga
673 2565 812 2630 omnium
834 2563 904 2630 fuit.
942 2560 1049 2628 Dauid
1081 2561 1239 2624 numerari

106 2667 235 2750 plebem
257 2664 489 2734 Israheliticam
518 2667 624 2746 iussit,
656 2668 687 2734 ct
716 2685 852 2732 errorem
873 2664 959 2732 illiue
981 2663 1126 2730 dominus
1149 2661 1238 2729 clade

77 2771 205 2836 ustotius
240 2771 347 2854 populi
380 2772 561 2836 uindicauit.
596 2771 750 2853 Rapsaces
782 2771 905 2836 locutus
940 2770 1091 2852 quaedam
1126 2765 1173 2832 est
1206 2765 1239 2829 in

106 2874 331 2941 contumeliam
360 2875 425 2950 dei,
455 2879 486 2939 et
509 2889 650 2939 cnxxxv
669 2874 835 2939 hominum
856 2871 945 2936 milia
966 2873 1069 2955 strage
1097 2867 1239 2954 perculit,

106 2979 190 3061 qnod
210 2978 305 3044 unius
319 2977 441 3061 profani
458 2977 591 3043 hominis
607 2995 716 3059 prconx
733 2977 841 3058 hugus
856 2973 1025 3040 maledixit.
1049 2974 1081 3038 et
1095 2973 1164 3037 ideo
1178 2989 1240 3036 non

107 3081 268 3147 immerite
307 3082 401 3146 etiam
438 3081 550 3146 beatus
586 3081 746 3164 aposlolus
783 3080 900 3145 Paulus
937 3077 997 3143 eici
1034 3076 1071 3141 dc
1108 3073 1240 3140 ecclesia

107 3185 310 3269 pestilentem
334 3185 422 3272 iubet
444 3188 476 3249 et
497 3202 552 3249 cur
575 3185 686 3249 iubeat
705 3179 841 3248 ostendit
865 3181 984 3248 dicens:
1008 3179 1100 3261 quia
1122 3177 1238 3242 modi·

77 3304 193 3353 ncurn
217 3287 453 3352 fermentum
476 3289 599 3352 tutum
622 3283 1035 3366 massamccrrumpat.
1068 3282 1150 3348 unde
1173 3279 1239 3346 aui·

109 3392 220 3458 denter
254 3391 452 3476 agnoscimus
482 3391 577 3457 stiam
605 3410 703 3456 unum
735 3389 915 3472 saepissime
938 3388 1059 3454 malum
1081 3385 1240 3452 hominem

213 3596 379 3652 111cmeu
448 3589 666 3664 leudegus
736 3587 838 3649 151sa.
858 3591 899 3646 36*
962 3590 1104 3646 19100r.
1125 3591 1184 3656 5,6

161 3767 178 3820 7
200 3767 382 3836 imperscnam
403 3767 444 3833 A;
471 3766 543 3821 idem
564 3767 665 3821 atatim
680 3767 737 3820 esto
761 3780 796 3820 ecc
819 3767 880 3819 estu
902 3778 970 3820 corr.
988 3765 1059 3817 nna
1161 3763 1240 3830 puta·

109 3852 183 3907 ueris
202 3853 351 3922 (putauerit
367 3845 402 3907 m.
421 3855 449 3918 2)
476 3852 559 3906 talis
572 3853 610 3906 sit
627 3852 666 3907 A:
693 3855 735 3907 est
754 3851 833 3905 talis
852 3851 879 3904 B
897 3849 987 3918 (Est03
1012 3847 1149 3918 putaueris
1168 3847 1240 3900 enim

109 3939 164 4008 ille,
185 3939 217 3994 de
237 3955 289 4008 quc
303 3945 351 3993 etc.
369 3939 546 4008 interpunxit
563 3939 704 4004 Halmius)
810 3937 843 3992 10
860 3936 979 3991 laeditur
996 3950 1031 3990 ea
1047 3935 1105 3988 lac
1122 3934 1150 3987 A
1168 3948 1239 3988 corr.

109 4041 143 4078 m.
157 4028 187 4092 2,
205 4025 280 4080 idem
296 4025 390 4079 mutim
406 4024 481 4079 Aelia
499 4041 532 4079 cuc
550 4024 637 4078 Achsr
741 4024 774 4079 16
792 4035 906 4079 ccxxxv
923 4022 1063 4077 hcrniunm
1079 4045 1107 4074 es
1124 4021 1191 4089 (rus.
1208 4020 1240 4074 in

110 4110 159 4176 fin.
185 4111 235 4166 lin.
259 4117 285 4166 et
307 4111 340 4166 in
362 4127 447 4182 marp.
471 4109 561 4166 adeor.
579 4127 612 4165 m.
631 4110 771 4166 recentius.
797 4107 885 4178 milia)
902 4109 943 4164 A:
970 4110 1078 4163 eentum
1101 4107 1240 4177 octoginta

110 4198 229 4266 quinque
246 4196 322 4252 milia
340 4196 479 4252 hominnm
505 4197 530 4250 Β
634 4197 666 4252 19
685 4196 727 4251 cui
745 4211 766 4250 s.
785 4195 796 4249 i
813 4210 864 4252 scr.
883 4212 897 4249 r
915 4213 947 4250 m.
967 4198 987 4250 2
1004 4195 1032 4248 A
1135 4193 1238 4264 iubeat]

110 4283 186 4338 iubet
212 4283 240 4338 B
358 4283 393 4338 20
419 4279 565 4352 corrumpit
591 4281 619 4337 B
738 4281 809 4336 unde
831 4283 859 4336 A
882 4285 910 4336 et
933 4282 1001 4336 cont.
1021 4279 1241 4336 Rittcralrusiuac

111 4369 172 4424 inda
189 4370 217 4425 Β
