3036 5004
275 432 319 496 90
764 425 916 479 Saluiani

275 617 377 702 portio
399 618 443 683 ita
464 615 637 694 existimet,
668 632 746 697 quae
774 631 900 696 peccare
923 631 955 678 sc
980 615 1091 678 nouit?
1128 631 1202 679 nam
1224 614 1260 678 ut
1282 611 1320 676 de
1342 611 1405 676 alio

274 722 437 786 hominum
459 737 570 804 genere
591 736 653 784 non
676 715 788 796 dicam,
812 716 1043 782 consideremus
1066 716 1149 783 solas
1172 715 1405 800 negotiatorum

275 827 307 890 et
329 823 477 908 Syrorum
510 820 651 887 omnium
684 822 808 896 turbas,
842 837 919 902 quae
942 819 1094 885 maiorem
1116 819 1214 885 terme
1238 818 1406 884 ciuitatum

275 928 494 993 uniuersarum
524 927 646 1009 partem
677 924 920 1005 occupauerunt,
951 924 978 988 si
1001 923 1088 988 aliud
1111 924 1159 988 est
1181 922 1250 988 uita
1271 922 1406 987 istorum

276 1032 416 1096 omnium
437 1047 532 1112 quam
553 1027 718 1093 meditatio
741 1027 805 1092 doli
829 1030 861 1092 et
884 1027 998 1092 tritura
1020 1026 1192 1105 mendacii,
1219 1026 1275 1091 aut
1296 1025 1323 1091 si
1345 1041 1406 1091 non
1429 1043 1443 1084 a

275 1137 377 1218 perire
393 1133 559 1199 admodum
576 1130 672 1196 uerba
686 1133 866 1209 aestimant,
891 1149 969 1212 qnae
985 1131 1032 1195 nil
1046 1128 1248 1213 loquentibus
1263 1128 1404 1212 prosunt.

275 1240 383 1304 tantus
414 1236 495 1320 apud
526 1236 582 1300 hos
604 1235 654 1300 dei
676 1235 775 1301 honor
804 1239 853 1300 est
881 1235 1073 1317 prohibentis
1099 1232 1334 1312 iusiurandum,
1369 1236 1406 1297 ut

226 1336 468 1424 'losingularcm
501 1339 669 1404 aestiment
706 1337 844 1402 fructum
877 1355 967 1401 omne
1003 1335 1186 1418 periurium.
1225 1333 1300 1416 quid
1334 1352 1406 1417 ergo

275 1443 392 1508 mirum
415 1441 561 1508 barbaros
584 1442 701 1522 fallere,
732 1443 786 1524 qui
807 1439 957 1506 falsitatis
981 1440 1100 1504 crimen
1122 1438 1291 1522 ignorant?
1326 1435 1407 1502 nihil

276 1546 362 1612 enim
391 1546 574 1626 contemptu
602 1545 702 1626 agunt
730 1545 912 1608 caelestium
935 1543 1181 1624 praeceptorum,
1206 1543 1443 1624 praeceptnmro

276 1647 395 1715 domini
425 1646 604 1727 nescientes,
634 1647 709 1729 quia
739 1663 800 1711 non
830 1645 908 1710 fecit
929 1645 1048 1727 aliquid
1071 1648 1179 1709 contra
1200 1647 1303 1729 legem
1325 1644 1406 1729 legis

275 1751 414 1834 ignarus.
452 1752 559 1814 noster
589 1767 661 1833 ergo
691 1749 743 1813 hio
774 1749 975 1831 peculiariter
1001 1747 1110 1814 'reatus
1134 1752 1191 1829 est,
1227 1749 1281 1830 qui
1303 1747 1406 1831 legem

276 1854 418 1918 diuinam
440 1851 574 1936 legimus
597 1853 629 1916 et
651 1851 766 1935 legalia
780 1869 904 1933 semper
919 1850 1038 1933 scripta
1053 1850 1219 1928 uiolamus,
1242 1851 1296 1934 qui
1311 1851 1407 1918 deum

277 1975 367 2021 nosse
397 1974 453 2020 nos
483 1956 617 2020 dicimus
640 1957 672 2020 et
695 1954 780 2019 iussa
808 1954 895 2020 illius
918 1972 954 2019 ac
974 1957 1142 2036 praecepta
1164 1954 1336 2032 calcamus3
1370 1971 1407 2018 ao

276 2079 331 2141 per
364 2059 422 2123 hoo
455 2077 528 2123 oum
560 2077 633 2122 eum
667 2075 857 2140 spernamus,
892 2077 985 2140 quem
1015 2057 1075 2122 coli
1098 2075 1116 2121 a
1138 2058 1226 2124 nobis
1249 2058 1442 2124 credimusrs

276 2164 369 2245 atque
393 2162 555 2240 iactamus,
579 2162 611 2227 id
634 2163 747 2244 ipsum,
772 2161 854 2242 quod
870 2159 975 2227 cultus
991 2161 1040 2225 dei
1055 2160 1190 2237 uidetur,
1214 2160 1331 2225 iniuria
1347 2163 1404 2225 est.

183 2339 184 2344 ἵ
225 2265 264 2330 71
318 2265 388 2330 XV.
422 2266 572 2350 Denique,
606 2270 643 2332 ut
665 2267 703 2330 de
733 2265 868 2348 peccatis
898 2263 970 2329 aliis
998 2263 1079 2328 nihil
1110 2263 1223 2343 dicam,
1259 2263 1328 2345 quis
1359 2266 1407 2327 est

277 2371 401 2435 omnino
424 2367 587 2434 hominurn
610 2369 817 2435 saecularium
840 2370 965 2449 praeter
986 2385 1109 2449 paucos,
1133 2366 1187 2448 qui
1209 2384 1271 2430 non
1288 2366 1327 2431 ad
1349 2366 1407 2432 hoc

275 2491 399 2554 semper
421 2471 538 2538 Christi
560 2477 676 2537 nomen
696 2472 730 2535 in
754 2490 805 2536 ore
827 2472 939 2535 habeat
961 2471 998 2533 ut
1020 2470 1177 2551 perteret?
1205 2468 1286 2533 unde
1310 2468 1407 2534 etiam

275 2576 496 2659 peruulgatam
531 2575 589 2640 hoc
625 2576 690 2640 fere
723 2578 756 2638 et
789 2575 870 2655 apud
908 2571 1028 2637 nobiles
1063 2575 1094 2637 et
1132 2571 1215 2655 apud
1251 2570 1442 2654 ignobileseo

276 2679 507 2744 sacramentum
523 2681 584 2742 est:
609 2679 671 2761 ‘per
686 2676 846 2742 Christum
863 2677 936 2759 quia
957 2675 1015 2741 hoc
1037 2675 1138 2754 faoio',
1165 2675 1226 2758 ‘per
1244 2671 1406 2740 Christum

277 2781 432 2864 quiahoc
456 2781 532 2864 ago',
569 2781 632 2863 ‘per
654 2779 815 2846 Christum
839 2780 911 2860 quia
934 2779 1015 2843 nihil
1044 2780 1130 2844 aliud
1153 2779 1293 2844 dicturus
1315 2777 1405 2857 sum',

279 2884 341 2966 ‘por
364 2881 523 2948 Christum
547 2885 620 2966 quia
641 2882 722 2948 nihil
747 2882 833 2947 aliud
860 2883 987 2947 acturus
1018 2883 1108 2948 sum'.
1142 2885 1174 2946 et
1196 2881 1271 2964 quid
1293 2880 1407 2963 plura?

276 2983 310 3050 in
332 2986 364 3050 id
387 2987 510 3069 penitus
541 2987 676 3052 deducta
698 3004 747 3051 res
770 2989 828 3061 est,
861 2987 906 3064 ut,
937 2985 1020 3049 siout
1043 2986 1080 3050 de
1104 2985 1238 3070 paganis
1265 2984 1405 3050 barbaris

276 3089 363 3171 prius
387 3090 536 3168 diximus,
559 3088 677 3156 Christi
700 3107 813 3154 nomen
834 3106 897 3152 non
920 3088 1066 3154 uideatur
1089 3089 1153 3154 iarn
1176 3091 1443 3154 sacramentumss

329 3327 342 3378 1
362 3325 498 3380 existimet
510 3327 586 3383 edd:
604 3327 713 3396 estimet
730 3327 758 3379 A
784 3327 893 3379 estimet
911 3328 937 3377 B
1022 3326 1040 3379 2
1057 3326 1198 3380 hominum
1211 3342 1246 3380 ec
1257 3326 1367 3380 homine
1379 3325 1407 3378 A

275 3425 346 3466 corr.
361 3427 397 3467 m.
409 3413 429 3466 2
526 3413 543 3466 3
561 3413 687 3482 Syrorum
698 3413 811 3480 scripsi:
834 3411 983 3479 syricorum
995 3412 1023 3464 A
1046 3412 1185 3466 siricorum
1197 3412 1225 3466 Β
1243 3412 1317 3478 ‘fort
1333 3411 1409 3481 Syri·

276 3500 373 3552 corum'
382 3499 520 3566 Halmius,
533 3499 581 3554 sed
592 3515 653 3554 cum
665 3499 780 3553 eaodem
790 3499 907 3564 formam
918 3499 950 3552 ia
961 3503 1041 3552 testu
1052 3499 1160 3563 babeat,
1173 3513 1320 3567 operamus
1331 3513 1409 3553 error

275 3581 313 3638 'stt
324 3599 430 3638 necesse
442 3590 494 3652 est;
510 3585 628 3640 scribere
646 3601 706 3639 eom
717 3584 838 3639 octobre
851 3583 1018 3652 Syriacorum
1032 3599 1066 3637 ea
1078 3583 1177 3640 Iadica
1189 3585 1248 3638 dors
1259 3582 1319 3637 III
1328 3583 1408 3638 cotte-

275 3669 577 3739 pera'mqoc'oo'obobet:
591 3669 849 3740 ‘Syricitsyriacitt'
918 3669 1086 3724 maiorumB
1154 3649 1222 3725 onii
1235 3669 1408 3739 loquentibus

276 3771 312 3810 eoa
322 3755 517 3826 illoquentibus
529 3758 557 3810 A
569 3771 637 3812 corr.
651 3774 686 3812 m.
699 3759 730 3812 2:
757 3754 828 3808 nihil
840 3755 1012 3824 loquentibus
1025 3755 1053 3809 Β
1075 3828 1077 3834 ¹
1156 3755 1171 3809 1
1185 3755 1352 3826 prohibentis
1365 3757 1408 3812 ed.

271 3857 318 3911 pr.
345 3843 420 3912 (iao
442 3840 601 3912 prohibens»
624 3849 650 3896 et
667 3843 699 3896 c'u
716 3856 767 3910 rap.
793 3857 824 3895 ns
851 3841 1061 3910 Brooadcoocos):
1097 3841 1243 3910 prohibens
1270 3843 1353 3896 etiam
1380 3844 1409 3898 A

274 3929 420 4000 prohibens
438 3929 466 3983 Β
568 3931 586 3986 8
603 3930 731 3984 estiment
748 3929 776 3983 Β
874 3944 951 3982 omne
970 3945 1004 3984 ex
1023 3929 1097 3983 omni
1115 3930 1143 3982 A
1161 3944 1231 3984 corr.
1250 3947 1283 3984 m.
1297 3931 1332 3984 2:
1350 3945 1408 3984 om-

274 4015 352 4070 nium
369 4016 397 4070 Β
500 4016 582 4086 9qui
601 4019 678 4084 (aute
695 4015 836 4083 falsitatis)
856 4031 892 4070 ea
909 4017 976 4084 quid
994 4017 1022 4070 A
1040 4031 1111 4072 corr.
1130 4021 1193 4071 aaz
1293 4015 1408 4072 100011·

274 4102 396 4170 tcmptus
422 4101 450 4155 Β
553 4102 732 4170 praeceptum]
754 4104 896 4170 praecepta
919 4101 947 4155 Β
1050 4102 1084 4156 14
1105 4105 1245 4170 praecepta
1269 4104 1408 4157 solnamus

276 4187 406 4242 calcamus
430 4186 458 4240 Β
560 4187 594 4242 15
616 4202 676 4242 cum
696 4203 746 4243 om.
770 4186 798 4240 Β
901 4187 934 4240 19
956 4187 1066 4256 perierit
1083 4187 1140 4241 sed.
1158 4205 1173 4240 r
1190 4187 1235 4242 ded
1253 4194 1279 4242 et
1297 4189 1321 4241 it
1337 4193 1407 4244 mut.

275 4275 307 4329 ia
324 4275 351 4327 et
369 4274 396 4326 A
422 4275 522 4340 peieret
539 4289 573 4328 ea
589 4273 661 4343 peier
680 4275 707 4328 Β
724 4289 794 4328 corr.
813 4273 848 4340 cs.
866 4273 905 4327 ad
922 4276 989 4337 §68
1000 4279 1026 4327 et
1037 4275 1074 4327 76
1164 4273 1199 4327 20
1215 4273 1406 4343 peruulgatum

275 4360 316 4413 A:
335 4375 380 4428 per
390 4358 495 4412 uultum
505 4358 533 4412 Β
618 4360 653 4414 22
665 4358 735 4413 nihil
747 4359 822 4413 aliud
834 4358 954 4413 dicturus
966 4358 994 4412 Β
1006 4374 1076 4414 corr.
1090 4375 1123 4414 ea
1134 4359 1204 4414 nihil
1217 4359 1338 4414 dicturus
