3036 5004
424 398 461 452 de
479 398 617 468 gubern.
634 399 686 454 dei
704 399 743 458 VI
766 404 781 466 5
800 400 909 455 14-20.
1165 402 1229 470 129

104 588 192 654 solue
215 587 407 654 theatrorum
428 587 627 672 impmitetes
650 591 733 669 suut,
762 609 840 672 quoe
861 589 990 660 honeste
1012 610 1076 658 uon
1096 594 1227 676 possunt

104 692 158 755 uel
192 691 339 756 eoousuri.
377 691 425 756 ite
451 709 534 760 noue
562 693 595 758 in
625 693 819 778 eoergneudo
850 694 964 760 herum
996 695 1228 778 turpitudinum
1239 697 1278 764 18

9 829 10 878 4
104 794 315 876 probrositate
330 811 379 858 res
396 795 501 860 euenit
523 796 677 878 arguenti,
701 800 736 864 ut
752 815 822 864 eum
839 796 959 880 ubsque,
971 799 1064 866 dubio
1079 799 1228 868 honestus

9 885 10 958 3
104 899 147 962 sit
172 898 225 979 qui
254 915 400 963 eoeusere
424 915 460 964 ee
488 898 576 977 uelit,
604 900 765 966 bonestute
797 903 901 966 temen
926 902 1048 984 integre
1071 903 1174 986 eloqui
1196 908 1229 970 et

84 1019 250 1068 saoousure
270 1018 331 1066 nou
354 1001 461 1084 possit.
491 1001 555 1068 elie
575 1021 695 1085 queque
711 1003 817 1070 omniu
830 1005 915 1069 mele
928 1007 1057 1088 egentes
1072 1005 1228 1088 polluunt,

103 1123 167 1169 non
189 1105 333 1170 uidentes
354 1105 406 1168 uel
427 1106 598 1183 audientes,
622 1105 776 1188 siquidem
797 1107 857 1175 etsi
881 1107 1098 1190 blasphemum
1120 1126 1229 1191 quem·

102 1210 191 1292 piem
221 1207 339 1291 audies,
373 1206 534 1290 seorilegio
562 1225 624 1274 non
652 1208 815 1290 pollueris,
844 1211 916 1291 quie
946 1213 1049 1278 mento
1073 1212 1227 1292 dissentis,

9 1305 10 1312 ’
104 1314 134 1376 et
156 1310 187 1376 si
209 1310 400 1376 interuenies
421 1309 597 1384 lutrooinio,
621 1329 682 1378 non
697 1311 869 1392 inquineris
888 1315 972 1390 totu,
995 1315 1069 1396 quie
1083 1315 1229 1382 abhorreo

102 1416 222 1480 animo.
264 1414 348 1480 solue
381 1414 630 1496 speoteonlorum
662 1415 861 1496 impuritates
893 1416 984 1500 snut,
1020 1434 1097 1498 quoe
1130 1437 1228 1482 unum
1241 1419 1281 1486 19

70 1543 94 1582 ιο
102 1518 273 1584 admodum
300 1515 419 1582 feoient
447 1517 480 1582 et
508 1519 667 1598 egentium
696 1521 728 1584 et
748 1517 968 1600 espioieutinm
991 1520 1115 1590 erimen.
1154 1539 1237 1586 nom

102 1622 182 1688 dnm
209 1621 383 1704 speetentes
411 1619 489 1686 bueo
516 1621 718 1701 comprobent
747 1638 782 1688 ee
809 1620 943 1689 libenter
970 1622 1092 1701 uident,
1122 1641 1228 1690 omues

101 1745 139 1792 ee
173 1725 245 1790 nisu
278 1725 373 1806 etque
404 1725 536 1790 edsensu
569 1722 675 1807 egunt.
713 1723 749 1788 ut
776 1741 850 1790 uere
876 1723 911 1788 in
941 1741 991 1792 eos
1020 1725 1227 1808 apostolieum
1333 1783 1334 1786 ,

101 1829 186 1896 illud
207 1827 408 1912 peculiariter
428 1826 530 1905 eodot,
554 1826 628 1908 quie
649 1825 735 1909 digni
758 1827 832 1892 snut
854 1829 1033 1894 mortemon
1048 1829 1150 1895 solum
1171 1829 1227 1911 qui

101 1933 227 2008 fuciunt
249 1949 286 1996 ee
315 1930 369 1996 sed
397 1931 493 1998 etiem
522 1931 575 2012 qui
598 1929 798 1997 eonsentiuut
829 1929 1028 1996 lenientibus.
1065 1931 1172 2014 iteque
1194 1933 1227 2000 in

71 2037 168 2106 uillis
202 2033 396 2116 imaginibus
429 2033 670 2100 fornicationum
707 2033 807 2098 omnis
840 2034 965 2100 omniuo
1001 2032 1088 2115 plebs
1123 2036 1227 2100 animo

101 2137 289 2216 fornicetur,
323 2139 355 2200 et
387 2137 441 2219 qui
473 2135 553 2204 forte
587 2135 626 2202 ed
658 2135 872 2218 speoteoulnm
904 2137 975 2218 puri
1007 2137 1159 2204 uenerunt
1190 2138 1229 2203 de

99 2245 229 2308 theatro
263 2240 397 2308 adulteri
429 2238 637 2304 reuertuntur.
681 2256 741 2308 non
774 2239 857 2304 euim
891 2239 966 2304 tuno
999 2240 1228 2319 tantummodo,

101 2346 230 2430 qnando
251 2344 382 2410 redeunt
402 2343 456 2407 sed
478 2342 584 2423 etium,
608 2342 729 2424 quondo
751 2342 891 2419 ueniunt,
913 2340 1123 2424 fornicentur3
1154 2359 1229 2406 nem

100 2450 162 2516 hoe
185 2450 254 2531 ipso
276 2448 358 2530 quod
380 2443 492 2528 uliquis
514 2462 581 2509 rem
603 2447 766 2510 obseenem
789 2444 883 2526 oupit,
907 2444 981 2510 dum
1003 2444 1044 2510 ud
1066 2443 1230 2510 immunde

72 2552 261 2637 oproperet,
284 2548 466 2614 immundus
489 2549 544 2614 est
1032 2534 1039 2543 ”

144 2673 204 2738 IV.
239 2671 324 2752 Quos
347 2687 419 2735 oum
440 2668 487 2734 ite
514 2669 593 2749 sint,
622 2685 692 2733 eoos
720 2667 828 2750 qualia
850 2668 905 2732 eut
928 2685 1035 2732 omnes
1058 2671 1113 2733 eut
1134 2665 1284 2751 peene20

103 2795 213 2843 omnes
236 2774 371 2840 Romani
392 2774 500 2858 egunt.
533 2773 566 2836 et
587 2788 659 2837 oum
680 2772 758 2836 huee
779 2772 826 2838 ite
838 2771 910 2854 sint,
933 2772 988 2854 qni
1014 2771 1091 2836 telio
1106 2772 1229 2855 egimus

104 2879 232 2964 neglegi
266 2894 323 2942 nos
350 2895 369 2942 e
396 2875 562 2941 diuinitate
595 2891 770 2952 censemur,
804 2873 939 2956 relinqui
972 2892 1027 2940 uos
1057 2871 1229 2940 e'domino

103 2987 212 3050 nostro
246 2981 394 3064 dioimus,
429 2997 500 3044 eum
532 2978 593 3060 ipsi
625 2976 786 3043 dominnm
819 2977 1039 3059 relinquemus,
1074 2976 1231 3061 fingemus

73 3088 201 3165 neuim,
237 3082 318 3166 qued
350 3082 501 3165 respioere
533 3099 588 3147 noe
621 3081 765 3146 dominns
799 3085 904 3145 noster
931 3081 1011 3146 uelit
1037 3079 1134 3145 etiem
1168 3098 1230 3145 non
1334 3096 1337 3102 ·

104 3189 280 3256 merentes:
307 3185 468 3250 uideamus
495 3184 523 3250 si
549 3185 663 3268 potest.
697 3201 768 3249 eooe
797 3181 962 3248 innumera
982 3181 1230 3248 Christianorum

103 3292 197 3358 milia
218 3293 251 3356 in
273 3289 456 3373 speoteoulis
480 3288 593 3354 eotidie
614 3305 718 3352 rerum
740 3286 883 3368 turpium
905 3289 1146 3352 oommeruutur.
1175 3301 1230 3368 po

104 3401 172 3461 test
200 3411 274 3477 ergo
304 3396 342 3459 ed
371 3392 441 3458 illos
471 3392 547 3456 deus
570 3393 730 3473 respicere,
760 3390 814 3473 qui
836 3389 916 3456 tales
937 3390 1033 3455 snut?
1067 3391 1171 3472 potest
1193 3391 1232 3455 ed

209 3566 244 3619 12
269 3564 344 3618 Rom
368 3563 391 3627 l,
409 3562 444 3616 82

13 3771 14 3780 ,
159 3721 173 3773 1
194 3722 259 3772 sunt
276 3719 446 3787 impuritates
464 3716 492 3771 B
587 3717 603 3772 2
622 3716 651 3770 in
667 3731 719 3785 que
737 3715 873 3786 arguendo
890 3716 949 3784 (eie)
966 3715 995 3768 A
1089 3713 1235 3782 lintegre

13 3805 14 3850 l
105 3806 195 3875 eloqui
214 3804 285 3870 (ooli.
302 3805 443 3876 euperiore
461 3803 548 3874 eloqui
566 3804 640 3857 seluo
657 3802 766 3872 pudore)
789 3801 932 3856 Halmius:
958 3801 1064 3870 integre
1083 3802 1115 3869 (e.
1133 3815 1183 3857 scr.
1201 3801 1236 3853 in

105 3894 154 3958 fleu.
176 3895 202 3958 u)
221 3891 313 3960 eloqui
332 3890 391 3958 (alt.
410 3891 420 3944 l
437 3905 457 3946 e.
476 3895 540 3956 ser.)
556 3889 587 3943 A
612 3889 719 3958 integre
736 3903 767 3942 eu
783 3888 858 3956 loqui
877 3886 905 3942 B
922 3889 958 3954 (et
973 3886 1062 3952 Τέως
1089 3888 1121 3942 io
1139 3887 1233 3942 erelie-

106 4002 174 4064 typo
189 3994 277 4061 foisse
293 3992 407 4048 eidem
429 3982 609 4062 iutegrieloqui
626 3991 702 4048 enode
719 3993 805 4048 eaeo
821 3992 892 4046 uitio
908 3992 1042 4061 originem
1059 3990 1163 4049 debere

107 4077 344 4134 beteiBeorr.
364 4081 478 4132 exet,
545 4077 931 4148 lquiementeeoperualt.
949 4092 1001 4132 sor.
1019 4079 1163 4132 msseA

108 4167 125 4221 8
142 4164 268 4222 ubborres
286 4181 321 4220 eor
339 4165 391 4221 ·rie
408 4165 437 4219 A
453 4181 524 4222 eurr.
543 4167 610 4220 Μ
705 4163 740 4219 10
756 4162 860 4218 ieoiunt
876 4163 906 4218 B
1001 4162 1035 4216 12
1052 4161 1118 4216 uisi·
1134 4161 1162 4214 A
1218 4219 1220 4224 ,

108 4252 222 4308 emenso
239 4253 425 4322 superdeus.
443 4269 477 4307 m.
495 4254 516 4306 2
534 4267 547 4304 s
564 4253 591 4305 A
696 4252 727 4304 15
749 4249 915 4317 imaginibus
937 4264 971 4302 eoo
987 4248 1098 4318 iuimng.
1118 4248 1145 4302 A
1163 4263 1232 4304 core.

108 4355 142 4395 m.
160 4342 182 4393 2
286 4339 319 4392 16
335 4340 410 4407 puri·
427 4340 455 4392 A
558 4337 592 4392 28
609 4353 672 4406 ergo
689 4336 751 4391 illes
767 4337 795 4392 B
813 4351 864 4392 mu·
883 4335 917 4390 ed

158 4442 238 4497 VIII.
1112 4440 1129 4494 9
