3036 5004
293 412 353 478 138
706 399 718 436 ’
776 404 932 460 Saloniani

292 596 364 678 dit,
393 597 510 679 inquit,
539 613 655 678 super
679 613 741 660 our
763 593 865 670 eius,
895 593 933 657 et
953 611 1027 658 non
1050 593 1211 673 poterat
1232 591 1414 661 dominus

290 699 399 766 ultra
419 701 577 782 portare
599 698 762 781 propter
790 695 987 762 malitiam
1017 692 1238 760 studiorum
1260 698 1414 762 uestro·

279 822 371 868 ·rum
405 804 442 866 et
474 801 638 883 propter
671 799 1006 883 abominationes,
1041 816 1136 881 quas
1171 797 1342 877 feristis,
1376 800 1414 864 et

291 905 397 972 faeta
420 905 608 970 estterra
629 906 764 968 uestra
784 905 826 970 in
841 901 1132 970 desolationem
1153 901 1191 966 et
1213 901 1415 983 stuporem

291 1013 328 1074 et
350 1011 387 1073 in
410 1008 679 1073 malediotum.
710 1023 764 1088 per
787 1007 861 1070 haee
878 1007 1028 1088 argutam
1043 1004 1161 1070 fautum
1177 1007 1234 1078 est,
1258 1006 1295 1068 ut
1314 1003 1414 1069 maior
1436 1025 1449 1064 s

290 1129 361 1194 pars
387 1111 520 1178 Romani
549 1108 634 1176 orbis
662 1109 695 1175 in
726 1109 949 1174 desolationem
978 1112 1060 1174 esset
1091 1111 1124 1172 et
1144 1105 1178 1170 in
1200 1107 1359 1188 stuporem
1382 1109 1414 1170 et

290 1213 323 1278 in
345 1213 556 1280 meledictum.

239 1337 281 1404 46
328 1331 437 1397 ¹VIIII.
476 1333 578 1415 Atque
611 1334 734 1397 utinam
770 1335 840 1397 suta
877 1331 1093 1397 tautummodo
1126 1331 1212 1412 prius
1245 1330 1349 1393 essent
1381 1331 1415 1394 et

291 1453 383 1520 agere
405 1437 479 1502 baeu
502 1437 641 1502 Romanu
662 1436 817 1500 uitiositas
840 1434 1005 1517 aliquando
1028 1435 1181 1498 oessarst:
1210 1431 1352 1511 forsitan,
1376 1433 1415 1496 ut

290 1540 521 1622 scriptumest,
550 1539 771 1620 propitiaretur
797 1542 872 1604 deus
893 1537 1029 1620 pennatis
1051 1538 1173 1601 nostris.
1213 1539 1266 1601 sed
1296 1553 1451 1618 neque-re

290 1661 384 1725 quum
417 1643 463 1708 itu
496 1643 627 1726 agimus,
662 1646 698 1707 ut
719 1641 914 1725 propitietur.
951 1644 1037 1706 mala
1053 1719 1054 1722 Ἴ
1069 1641 1162 1722 euim¹
1185 1637 1415 1704 incessabiliter

289 1743 382 1810 malis
406 1745 549 1811 addimus
565 1749 596 1810 et
616 1747 753 1827 pereatis
768 1749 897 1828 peeuata
912 1744 1114 1823 cumulamus,
1138 1744 1170 1809 et
1185 1760 1256 1808 uum
1278 1743 1415 1808 maxima

238 1851 279 1916 47
290 1848 389 1911 nostri
411 1865 482 1928 pars
504 1847 567 1912 iam
589 1848 724 1931 perierit,
748 1848 780 1912 id
801 1849 924 1932 agimus
946 1851 982 1912 ut
1003 1865 1166 1930 pereamus
1188 1863 1306 1912 omnes.
1332 1847 1412 1928 quis,

290 1966 373 2031 rogo,
406 1950 540 2015 interitui
573 1949 706 2016 alterum
741 1952 827 2017 iuxta
857 1969 889 2015 so
919 1951 1005 2016 uidet
1035 1953 1065 2015 et
1094 1947 1161 2032 ip‘se
1190 1966 1252 2014 non
1274 1949 1414 2014 metuit?

289 2051 359 2133 quis
388 2051 514 2119 domum
542 2053 637 2119 uicini
660 2055 709 2118 sui
735 2054 841 2118 ardere
865 2055 964 2118 cernit
987 2056 1019 2118 et
1041 2069 1100 2116 nun
1125 2051 1245 2117 effluere
1267 2050 1449 2117 omnibusne

289 2155 390 2220 modis
413 2155 526 2220 nititur
550 2175 588 2220 ne
609 2158 675 2238 ipse
697 2156 839 2222 ineundio
863 2157 1099 2220 eonoremeturd
1131 2173 1186 2220 nos
1209 2172 1270 2220 non
1294 2154 1413 2220 nioiuos

290 2261 407 2323 nostros
436 2261 560 2323 tantum
589 2259 695 2322 ardere
722 2259 869 2338 uidimus,
898 2258 952 2322 sed
975 2259 1034 2339 ipsi
1057 2261 1119 2323 iam
1142 2277 1178 2322 eu
1201 2261 1335 2323 maxima
1356 2275 1413 2324 no·

289 2363 423 2426 utrorum
447 2379 607 2442 corporum
629 2364 718 2445 parte
740 2363 881 2428 arsimus.
913 2363 944 2426 et
967 2361 1040 2444 quid
1055 2361 1122 2438 hoe,
1145 2378 1199 2444 pro
1216 2361 1312 2438 netas,
1335 2361 1414 2426 mali

290 2466 360 2529 est?
388 2463 530 2542 arsimus,
554 2464 696 2542 arsimus,
719 2469 750 2529 et
766 2469 871 2530 tamen
886 2465 1037 2540 dammas,
1062 2464 1174 2548 quibus
1189 2467 1253 2528 iam
1269 2465 1413 2544 arsimus,

237 2573 350 2638 48nou
377 2567 535 2631 timemus.
573 2583 646 2631 nam
675 2570 755 2648 quod
782 2585 843 2633 non
870 2567 993 2649 ubique,
1017 2571 1052 2630 ut
1074 2567 1146 2644 diri,
1177 2568 1312 2649 aguntur
1335 2585 1450 2649 quaere

289 2670 375 2750 prius
397 2670 467 2733 aeta
489 2669 573 2743 sunt,
596 2667 739 2732 miseriae
761 2671 809 2733 est
831 2668 1016 2734 beneficium
1033 2687 1093 2734 uon
1110 2668 1301 2753 disciplinae.
1324 2669 1413 2734 deni-

289 2788 348 2851 que
377 2769 467 2835 faeile
494 2769 553 2835 hoa
579 2771 683 2852 probo.
722 2771 763 2834 da
791 2773 874 2836 enim
903 2770 1014 2854 prioris
1042 2772 1192 2853 temporis
1221 2774 1349 2850 statum,
1381 2779 1415 2837 et

289 2871 399 2935 statim
432 2872 547 2954 ubique
581 2874 655 2937 suut
682 2891 759 2955 quae
791 2873 929 2938 fuerunt.
965 2875 1037 2955 plus
1064 2874 1159 2940 addo:
1190 2879 1351 2958 quantum·
1373 2877 1414 2940 ad

289 2975 363 3038 uota
385 2975 545 3040 hominum
567 2977 712 3060 pertinet,
736 2979 795 3042 etsi
818 2977 881 3042 iam
896 2993 956 3041 nou
979 2977 1093 3058 ubique
1114 2981 1195 3057 sunt,
1219 2977 1334 3059 ubique
1357 2979 1413 3042 ud·

237 3069 240 3075 ’
288 3076 350 3141 huo
378 3081 460 3156 sunt,
490 3079 562 3161 quie
589 3079 703 3163 ubique
724 3099 760 3145 ea
781 3081 913 3164 populus
942 3081 1020 3145 uelit
1049 3099 1115 3146 esse
1136 3083 1307 3148 Romanus.
1341 3100 1449 3146 cumis

288 3179 433 3246 animab
464 3181 587 3246 homine
619 3182 706 3247 mala
732 3201 780 3246 res
809 3184 874 3248 sola
903 3183 1087 3248 necessitate
1114 3202 1175 3248 non
1203 3186 1315 3266 agitur,
1345 3185 1415 3267 ipsa

237 3289 278 3354 49
288 3282 388 3365 turpis
417 3285 462 3346 rei
491 3284 645 3366 cupiditas
673 3304 728 3366 pro
757 3287 877 3351 actione
909 3285 1084 3350 damnatur.
1123 3304 1196 3350 nam
1219 3286 1254 3363 si,
1279 3289 1315 3351 ut
1338 3286 1414 3369 diri,

287 3382 375 3448 iuxta
409 3387 526 3451 domini
559 3389 659 3453 nostri
692 3387 810 3454 dietum
848 3390 910 3470 qui
948 3389 1151 3454 mulierem
1184 3389 1335 3455 uiderit
1367 3390 1415 3454 ad

390 3553 425 3608 as
442 3553 541 3608 nasus.
560 3557 584 3624 s,
602 3558 636 3611 us

341 3725 464 3792 linquit
481 3726 616 3782 Auum
629 3727 656 3794 t,
675 3742 724 3782 ooo.
737 3732 799 3783 m.1
819 3733 846 3782 et
863 3728 890 3783 Β
908 3728 1107 3800 ‘madoribus
1120 3729 1198 3785 reete’
1215 3729 1344 3784 Halmius

286 3808 304 3861 6
331 3808 494 3864 desolatione
522 3812 549 3866 B
654 3813 686 3867 10
708 3813 898 3882 propiciaretur
920 3814 976 3868 AB
1004 3816 1067 3870 item
1084 3815 1165 3879 iufra
1183 3815 1342 3885 propitietur

292 3894 325 3950 lo
345 3910 406 3964 pars
429 3897 516 3950 nostri
539 3897 566 3952 Β
667 3900 785 3968 perierat
806 3915 891 3969 super
907 3915 924 3955 a
939 3915 992 3956 eor.
1008 3917 1043 3958 nr.
1061 3903 1105 3956 ri
1127 3903 1155 3956 A
1257 3902 1289 3956 17
1312 3917 1343 3956 er
1360 3917 1412 3956 our.
1503 3945 1504 3968 ι

286 3979 315 4034 Β
417 3981 449 4036 18
475 3983 550 4038 nefas
576 3984 641 4038 mab
669 3984 745 4040 nefas
771 3988 813 4040 eet
839 3986 867 4039 Β
892 3987 957 4040 item
978 3988 1071 4041 stoebe
1094 3987 1208 4042 arsimus
1227 3989 1342 4042 arsimnr
1503 3969 1504 4055 i

285 4066 321 4119 20
341 4069 460 4135 aguntur
483 4085 533 4126 om.
557 4069 585 4126 Β
685 4071 722 4126 24
742 4071 840 4141 ubique
858 4073 935 4139 (unte
953 4075 1038 4142 sunt)]
1057 4072 1144 4143 obque
1161 4089 1182 4127 e.
1199 4089 1253 4132 ser.
1269 4091 1305 4130 rra.
1323 4077 1342 4128 2
1359 4074 1411 4128 hou

285 4157 313 4209 A
417 4155 1341 4227 edhoaAB(saperooor.um.Brussiuorri,atutd.,o)

286 4239 320 4295 25
342 4241 424 4296 uellet
446 4242 475 4296 Β
577 4242 611 4296 27
633 4243 673 4296 rei
695 4244 784 4311 turpis
806 4243 833 4298 Β
919 4245 956 4311 si,
975 4247 1007 4298 ut
1024 4244 1239 4300 Rittersbuse'ar:
1266 4245 1337 4300 siout
1354 4245 1412 4300 AB
1502 4247 1503 4318 ζ

287 4326 381 4394 (rell.);
407 4327 455 4383 ‘arr
473 4329 509 4398 si,
529 4328 627 4384 aioutd'
644 4328 775 4384 Haterius
