3036 5004
435 371 473 425 de
491 370 625 441 gubern.
645 371 698 427 dei
718 371 741 426 V
760 374 775 437 1
792 371 902 425 31-43.
1172 374 1234 440 115

102 561 183 627 nihil
206 559 357 646 susceptis
381 559 526 626 tribuunt
547 561 601 626 sed
623 561 693 629 sibi.
732 563 789 628 hoo
812 561 893 626 euim
919 563 1012 645 puoto
1035 560 1154 644 aliquid
1177 579 1235 644 pu-

102 664 246 730 33311133
269 662 457 746 temporarie
481 662 677 748 attribuitur,
709 665 745 730 ut
766 665 800 730 iu
822 663 928 732 futuro
951 668 1053 730 totum
1078 665 1153 732 filiis
1176 683 1233 731 au·

102 768 232 834 feratur.
265 767 405 834 neudunt
427 767 542 851 itaque,
566 769 598 833 et
620 769 746 851 quidem
769 766 956 850 grauissimo
978 767 1079 850 pretio
1094 770 1233 833 uenduut

101 873 236 937 maiores
260 871 391 954 quidam
413 873 525 936 cuncta
546 888 626 954 quae
647 871 818 955 praestant.
850 891 867 935 e
905 873 986 953 quod
1002 870 1066 936 dixi
1081 869 1232 949 cendunt,

79 976 225 1041 butinam
248 974 564 1040 uenderent.usitato
592 992 678 1040 more
700 975 793 1057 31333
817 974 991 1041 communi:
1026 975 1146 1057 aliquid
1169 974 1232 1040 for·

99 1081 183 1146 sitan
218 1079 393 1145 remaneret
427 1079 628 1160 emptoribus.
666 1095 783 1145 nouum
812 1078 925 1161 quippe
945 1078 1014 1146 ¹hoc
1034 1097 1131 1162 genus
1155 1097 1232 1142 uerr-

100 1182 230 1248 ditionis
266 1182 298 1247 et
331 1180 495 1265 emptionis
529 1182 585 1246 est
631 1181 775 1248 uenditor
811 1180 894 1248 nihil
930 1181 1030 1246 tradit
1064 1182 1095 1246 et
1128 1177 1281 1248 13133341

99 1285 232 1369 accipit:
258 1289 379 1368 emptor
401 1283 479 1350 nihil
502 1284 616 1367 accipit
637 1288 668 1350 31
683 1287 787 1352 totum
803 1287 928 1367 penitus
944 1284 1080 1352 amitt‘t..
1100 1301 1231 1368 cumque

100 1391 204 1455 omnis
239 1389 337 1454 ferme
371 1391 548 1454 contractus
577 1389 636 1454 hoc
658 1389 692 1454 in
715 1407 747 1454 se
769 1388 893 1466 habeat,
927 1391 963 1453 ut
985 1387 1105 1454 inuidia
1138 1407 1231 1470 penes

69 1497 295 1576 nemptorem,
309 1493 412 1574 iuopia
435 1509 529 1574 penes
552 1491 745 1558 uenditorem
762 1509 828 1556 esse
843 1491 998 1572 uideatur,
1021 1490 1095 1573 3313
1110 1495 1231 1574 emptor

99 1597 137 1662 ad
160 1597 223 1661 hoc
246 1595 339 1674 emit,
370 1598 406 1660 ut
428 1595 639 1662 substantiam
669 1612 760 1660 suam
787 1597 916 1678 augeat,
946 1594 1090 1660 uenditor
1112 1597 1150 1662 ad
1173 1595 1230 1660 hoo

98 1698 226 1778 uendit,
262 1717 283 1762 3
332 1699 471 1774 minuat,
510 1699 688 1764 inauditum
725 1698 785 1763 hoc
820 1697 999 1764 commercii
1034 1716 1131 1782 genus
1165 1701 1228 1762 est:

97 1801 318 1867 perditoribus
348 1803 459 1867 crescit
488 1799 639 1878 facultas,
677 1799 871 1883 emptoribus
900 1800 980 1866 nihil
1008 1801 1148 1867 remanet
1170 1801 1230 1867 uisi

97 1905 164 1970 3313
188 1904 386 1970 mendicitas.
425 1922 499 1969 uam
528 1904 607 1970 illud
622 1903 727 1986 Ι33313
750 1922 844 1987 quom
866 1921 928 1968 nou
951 1902 1113 1969 ferendum
1136 1905 1229 1986 atque

69 2007 354 2091 emonetriferum,
386 2012 418 2073 et
447 2009 529 2092 quod
552 2026 614 2073 uou
637 2007 743 2072 dicam
764 2007 833 2091 pati
854 2006 1008 2074 humanae
1030 2008 1152 2073 mentes
1176 2009 1228 2073 sed

96 2112 181 2194 quod
205 2110 313 2176 audire
335 2110 389 2175 uix
410 2111 539 2195 possint,
569 2110 651 2195 quod
681 2109 821 2192 plerique
850 2110 1108 2193 pauperculorum
1136 2105 1280 2194 3133342

95 2214 285 2280 miserorum
317 2215 441 2298 spoliati
473 2213 602 2280 resculis
636 2213 701 2278 suis
725 2217 756 2279 et
779 2212 979 2278 exterminati
1011 2213 1123 2294 agellis
1152 2213 1226 2290 suis,

95 2337 166 2384 cum
184 2337 254 2383 rom
270 2318 444 2396 amiserint,
468 2317 656 2390 amissarum
672 2317 778 2380 tamen
792 2333 898 2381 rerum
914 2315 1034 2380 tributa
1049 2317 1225 2398 3311313133

95 2441 167 2488 cum
192 2421 347 2504 possessio
371 2422 410 2486 ab
431 2421 479 2486 his
513 2419 684 2498 recesserit,
720 2419 868 2500 capitatio
898 2437 960 2483 uon
988 2418 1120 2484 recedit:
1155 2437 1226 2502 pro·

65 2523 288 2608 aprietatibus
318 2526 426 2590 carent
448 2525 478 2588 31
502 2521 709 2603 uectigalibus
738 2521 927 2588 obruunturl
961 2525 1029 2604 3313
1062 2523 1226 2588 aestimare
1236 2523 1279 2588 43

96 2627 152 2694 133
176 2628 301 2692 malum
323 2626 445 2709 possit?
468 2625 1044 2710 3313333333]133313313333333133
1061 2625 1227 2692 3113113313

94 2730 206 2796 miseri
239 2747 296 2813 pro
328 2729 559 2813 peruasoribus
580 2730 715 2795 3313331
760 2730 829 2812 post
861 2731 993 2802 mortem
1026 2729 1126 2812 patris
1159 2729 1227 2794 nati
1330 2772 1332 2776 -

95 2833 257 2916 obsequiis
290 2833 368 2898 iuris
401 2833 449 2898 sui
483 2833 599 2916 agellos
633 2850 695 2899 333
729 2832 845 2898 habent
874 2835 905 2897 et
931 2849 1075 2914 agrorum
1109 2831 1225 2898 muniis

95 2941 274 3002 enecantur.
313 2953 350 3001 ac
379 2955 432 3018 per
454 2937 512 3002 hoc
548 2937 623 3019 quid
657 2934 743 3000 aliud
773 2933 941 3000 sceleribus
975 2937 1074 3001 133113
1108 2937 1224 3018 agitur,

64 3040 152 3106 snisi
177 3043 216 3103 ut
241 3037 294 3120 qui
317 3038 442 3120 priuata
464 3038 648 3120 peruasioue
671 3037 784 3103 nudati
807 3039 881 3102 3331
902 3036 1025 3120 publica
1047 3038 1225 3104 adflictione

93 3144 288 3222 moriautur,
323 3144 355 3208 31
389 3141 501 3224 quibus
535 3161 601 3206 rem
636 3141 836 3224 depraedatio
870 3142 962 3221 tulit,
1001 3142 1099 3206 uitam
1132 3141 1225 3206 tollat

143 3365 162 3419 3
187 3364 290 3434 itaque]
309 3364 404 3434 utique
428 3364 456 3418 B
564 3364 700 3419 53311313
719 3381 754 3419 m.
773 3381 797 3419 3.
816 3363 951 3420 communi
970 3379 1003 3418 33
1021 3363 1127 3420 3311313
1146 3381 1182 3418 ru.
1200 3379 1223 3417 a

95 3465 238 3505 commune
256 3450 284 3504 A
303 3465 374 3506 corr.
392 3466 426 3506 m.
445 3451 472 3516 2,
496 3450 671 3518 1133313113
689 3453 839 3507 remaneret
856 3449 1019 3520 emptoribus
1037 3465 1071 3504 33
1088 3465 1224 3512 remancre

94 3536 265 3606 temporibus
369 3535 465 3590 71313
488 3541 606 3606 supero
624 3538 672 3605 pn.
691 3555 725 3592 m.
743 3542 797 3592 111
819 3539 847 3592 A
950 3537 969 3592 8
991 3536 1115 3604 paenitus
1138 3537 1225 3602 Aput

93 3625 188 3679 statim
206 3623 248 3677 1313
264 3638 361 3692 paenas
378 3622 427 3678 sed
441 3639 460 3676 a
472 3627 582 3692 punct.)
663 3623 910 3679 ,ΙΙ-3311331133
929 3624 956 3678 B
1049 3623 1082 3678 15
1100 3622 1236 3678 monstri·

93 3710 183 3764 lerum
196 3709 342 3764 Halmium:
355 3710 560 3764 monstrircrum
571 3725 594 3764 3.
606 3709 765 3765 3333315333.
778 3715 840 3766 332
852 3727 871 3779 g
882 3710 910 3762 A
927 3709 1117 3764 monstrireum
1127 3709 1156 3762 B
1205 3741 1207 3748 ‹

94 3795 127 3850 15
145 3795 194 3850 sed
212 3809 282 3864 3333
300 3811 333 3849 eu.
350 3794 397 3848 sed
414 3809 467 3863 333
484 3795 512 3850 A
528 3810 599 3850 corr.
617 3797 685 3850 m.2
781 3796 813 3850 19
831 3794 1040 3864 proprietatibus
1058 3810 1111 3849 nou
1130 3797 1222 3848 carent

17 3919 18 3954 ,
94 3882 121 3936 B
226 3882 261 3936 21
284 3884 420 3936 inuaeores
443 3882 471 3936 B
574 3883 608 3936 22
631 3882 871 3952 post—ohsequiis
888 3881 955 3936 iuris
973 3897 1023 3936 om.
1041 3881 1155 3938 B.m.1

17 3957 18 3998 ἶ
92 3967 127 4022 23
149 3967 288 4037 obsequiis
309 3970 336 4022 A
440 3968 507 4022 iuris
525 3969 581 4038 sui]
598 3969 665 4023 iuris
684 3969 824 4038 posthumi
840 3967 905 4022 iuris
924 3968 966 4022 331
990 3967 1018 4021 Β
1121 3966 1223 4034 agellos

94 4070 127 4110 33
136 4054 244 4124 agellus
254 4054 280 4108 A
289 4069 358 4110 corr.
369 4058 434 4110 m.2
504 4055 617 4109 ruuuiise
624 4058 754 4110 necentur
765 4056 822 4121 (sic)
832 4055 859 4108 A
871 4069 968 4108 munus
977 4055 1119 4108 enecantur
1128 4052 1156 4105 B

92 4141 128 4196 24
144 4140 212 4211 quid
230 4140 266 4207 B,
285 4141 551 4198 33333131131.
565 4141 709 4197 3113133
793 4139 1114 4210 363333113333333
1130 4141 1224 4192 3332

92 4227 157 4281 odd.
171 4226 191 4280 d
202 4226 229 4279 A
333 4227 407 4294 ‘sort
421 4227 524 4284 tollite'.
538 4243 559 4282 c.
573 4227 685 4282 sustulit
696 4245 724 4282 3,
737 4225 978 4294 3111117133.
991 4231 1085 4278 tamea
1097 4224 1159 4280 rou.
1172 4223 1230 4280 ΠΙ

92 4327 115 4365 e.
126 4329 154 4367 3.
173 4311 251 4366 tulit'
270 4313 415 4381 Halmium
440 4314 541 4368 rectius
558 4313 628 4367 tulit
643 4313 718 4368 131333
734 4313 849 4381 3333313·
872 4312 907 4378 ef.
920 4327 969 4366 333
981 4309 1145 4366 333111Πῖ4

1085 4413 1123 4466 8*
