3036 5004
422 409 460 465 de
477 409 614 479 gubern.
632 409 687 465 dei
704 407 764 465 1111
782 413 798 476 ᾗ
815 408 927 464 58-64.
1195 411 1236 477 87

105 619 163 668 nos
184 602 253 667 sine
282 603 513 685 comparatione
540 600 702 667 meliores:
734 600 888 682 quantum
912 597 952 664 ad
975 597 1073 665 uitam
1096 618 1132 666 ac
1153 601 1238 666 uitae

106 708 206 790 actus,
229 704 318 770 doleo
342 723 380 770 ao
401 706 518 789 plango
540 721 606 770 esso
628 703 759 786 peiores.
790 703 935 785 quamuis
951 701 983 768 id
998 701 1102 784 ipsum
1119 704 1238 781 tamen,

105 811 142 872 ut
164 811 240 874 anto
262 807 328 874 iam
356 807 508 887 diximus,
541 806 670 872 nonde
699 807 783 872 omni
812 806 937 889 penitus
966 805 1100 872 Romani
1130 807 1239 890 populi

105 911 314 978 uniuersitaie
337 912 479 977 dicamus
494 946 537 958 -
552 909 670 993 excipio
691 910 776 974 enim
791 908 930 992 primum
945 926 1051 976 omnes
1065 908 1239 994 religiosos,
1248 908 1291 976 62

85 1013 220 1080 sdeinde
248 1014 415 1081 nonnullos
445 1015 542 1080 etiam
570 1013 743 1080 saeculares
771 1011 928 1097 religiosis
955 1030 1046 1096 pares
1068 1016 1134 1092 aut,
1158 1013 1186 1080 ei
1207 1013 1240 1079 id
1289 1064 1292 1074 ,

104 1117 203 1184 nimis
226 1118 345 1200 gronde
367 1117 425 1197 est,
449 1118 555 1200 aliqua
576 1119 684 1184 temen
706 1116 860 1199 religiosis
890 1116 1089 1182 honestorum
1111 1117 1241 1184 actuum

11 1301 12 1304 Ἴ
104 1221 264 1305 probitate
286 1221 518 1288 consimiles-
530 1221 647 1287 ceteros
668 1237 742 1286 nero
757 1220 813 1285 aut
828 1237 935 1286 omnes
950 1220 1007 1286 aut
1020 1237 1117 1302 paene
1134 1239 1240 1288 omues

105 1324 210 1407 magis
237 1342 308 1390 reos
338 1342 526 1408 essequam
554 1323 713 1390 barbaros.
750 1322 811 1389 hoc
838 1327 888 1390 est
916 1324 1024 1389 entem
1053 1323 1240 1390 deteriorem

106 1445 174 1494 osse
196 1428 302 1512 magis
324 1446 414 1493 reum
429 1445 507 1496 esse.
529 1427 636 1510 itaque
651 1427 724 1509 qnia
739 1425 883 1496 nonnulli
904 1426 1126 1493 inrationabile
1147 1428 1241 1511 atque

73 1555 97 1598 ιο
105 1533 280 1600 absurdum
303 1531 499 1596 arbitrantur
520 1534 557 1597 ut
582 1531 640 1596 aui
655 1529 824 1596 deteriores
838 1533 895 1596 ant
909 1547 971 1596 non
985 1530 1123 1596 multum
1145 1533 1241 1599 etiam

104 1635 254 1702 meliores
276 1633 417 1700 barbaris
439 1634 625 1714 iudicemur,
647 1633 822 1716 uideamus,
846 1637 882 1698 ut
904 1632 977 1714 diri,
1001 1638 1058 1700 aut
1072 1653 1133 1716 quo
1147 1635 1240 1701 modo

105 1742 162 1805 aut
190 1738 305 1822 quibus
333 1738 482 1804 barbaris.
519 1755 576 1820 ego
608 1737 693 1804 euim
715 1739 840 1818 praeter
861 1755 912 1804 eos
933 1739 1153 1804 tantummodo
1175 1735 1293 1804 oro-63

105 1860 284 1920 manorum,
308 1859 385 1924 quos
406 1841 498 1924 poulo
521 1843 615 1906 antea
636 1840 807 1916 nominaui,
836 1843 955 1906 ceteros
976 1844 1033 1908 aut
1055 1860 1163 1908 omnes
1186 1847 1241 1909 aut

105 1963 207 2029 paene
235 1964 343 2011 omnes
372 1944 498 2010 maioris
528 1947 634 2009 reatus
662 1943 732 2008 dico
755 1947 789 2008 et
811 1943 1034 2010 criminosioris
1065 1947 1151 2012 uitae
1174 1964 1241 2010 esse

75 2067 204 2130 requam
227 2048 387 2114 barbaros.
418 2048 561 2112 irasceris
585 2046 717 2115 forsitan
739 2047 793 2129 qui
808 2047 885 2115 haec
907 2047 987 2131 legis
1002 2049 1035 2113 et
1056 2048 1242 2115 condemnas

104 2152 236 2236 insuper
263 2169 342 2235 quae
371 2151 461 2234 legis.
499 2169 559 2216 non
587 2149 709 2232 refugio
738 2167 899 2216 censuram
922 2153 1021 2216 tuam
1059 2152 1241 2236 condemna,

104 2255 134 2322 si
158 2254 305 2333 mentior,
329 2255 510 2329 condemns,
535 2254 564 2318 si
579 2272 640 2320 non
662 2254 842 2338 probarem,
866 2255 1046 2332 eosdemne,
1070 2257 1097 2320 si
1110 2256 1144 2320 id
1160 2255 1242 2338 quod

104 2362 219 2426 adsero
241 2375 302 2424 non
324 2357 421 2424 etiam
443 2359 615 2440 scripturas
631 2356 870 2429 rsacmsjdixisse
885 2357 1112 2424 monstrarem.
1142 2356 1296 2440 igiturdd

106 2462 163 2544 qui
186 2461 335 2528 meliores
358 2478 414 2526 nos
437 2459 538 2526 multo
561 2461 682 2529 cunetis
705 2477 785 2544 quae
807 2459 938 2526 suntin
956 2460 1070 2526 mundo
1093 2458 1242 2544 gentibus

73 2565 287 2636 „indicamus
308 2583 364 2630 nec
385 2563 461 2648 ipse,
492 2565 546 2647 qui
567 2566 724 2632 Romanos
746 2563 816 2628 dico
840 2563 873 2630 in
894 2562 1041 2645 plurimis
1063 2563 1242 2643 deteriores,

105 2669 229 2752 abnego
258 2667 292 2734 in
320 2667 509 2750 quibusdem
536 2686 603 2736 esse
631 2667 787 2732 meliores.
823 2666 894 2732 uita
922 2667 1020 2747 enim,
1051 2670 1088 2734 ut
1110 2668 1189 2747 dixi,
1210 2670 1244 2734 et

105 2771 245 2855 peccatis
268 2789 378 2837 sumus
401 2771 578 2848 deteriores,
602 2771 673 2854 lege
686 2773 795 2836 autem
813 2770 969 2838 catholico
991 2769 1059 2840 siue
1082 2788 1243 2854 compere-

106 2875 196 2940 tione
224 2873 383 2940 meliores.
420 2875 475 2940 sed
504 2873 586 2938 illud
608 2872 867 2938 considerandum
891 2876 955 2954 est,
979 2875 1068 2956 quia,
1090 2877 1172 2958 quod
1194 2874 1243 2942 lex

105 2977 194 3042 bona
209 2977 267 3054 eet,
291 2980 434 3042 nostrum
449 2996 510 3042 non
525 2979 584 3052 est,
602 2975 686 3058 quod
702 2979 808 3040 autern
824 2976 909 3041 male
925 2976 1075 3056 uiuimus,
1099 2979 1244 3042 nostrum

74 3082 168 3145 uest.
208 3085 240 3144 et
262 3079 343 3145 nihil
363 3081 475 3162 utique
498 3079 589 3145 nobie
618 3077 745 3161 prodest
767 3081 849 3161 quod
871 3079 921 3144 lex
946 3082 994 3147 est
1016 3081 1103 3158 bona,
1126 3079 1153 3144 si
1175 3079 1245 3146 uita

108 3183 220 3248 nostra
242 3183 276 3248 et
298 3183 492 3250 conuersatio
515 3203 577 3250 non
600 3186 648 3250 est
669 3185 765 3262 boua3
788 3183 839 3249 lex
862 3185 946 3250 enim
968 3187 1050 3252 bona
1066 3202 1178 3248 munus
1194 3187 1244 3249 est

107 3285 241 3366 Christi,
265 3286 335 3352 uita
356 3291 462 3353 autem
485 3306 546 3354 non
569 3288 651 3354 bono
670 3287 809 3353 criminis
824 3290 933 3354 nostri.
954 3287 1053 3352 immo
1068 3286 1127 3352 hoc
1142 3287 1244 3371 magis

109 3389 285 3474 culpabiles
313 3407 439 3469 sumus,
469 3390 497 3456 si
524 3389 629 3474 legem
658 3392 772 3456 bonam
804 3389 933 3456 colimus
955 3391 988 3455 ei
1009 3389 1086 3454 mali
1109 3390 1245 3455 cultores

164 3661 180 3715 1
208 3662 339 3729 quantum
363 3663 453 3716 autem
478 3662 506 3716 Β
610 3661 696 3716 uitam
721 3677 752 3716 ec
771 3661 829 3728 (sed
846 3677 877 3717 ac
893 3663 926 3716 iu
943 3663 1016 3729 rur.)
1035 3661 1077 3716 A:
1104 3661 1192 3716 uitam
1209 3659 1244 3714 ad

7 3799 8 3810 ,
109 3746 139 3800 Β
152 3746 213 3814 (Tt)
235 3746 452 3802 uitametadc'u
462 3745 739 3818 myoBraseicouue
758 3747 845 3802 uitam
857 3750 886 3803 et
898 3747 1028 3804 Halmius
1120 3747 1245 3815 telique

110 3833 140 3887 Β
163 3847 233 3889 corr.
253 3849 287 3888 etr
309 3833 409 3904 aliquis
500 3837 623 3888 ¹actuum
648 3834 823 3890 honestorum
849 3833 878 3888 Β
981 3835 997 3889 7
1025 3835 1126 3888 ceteros
1152 3835 1243 3886 antem

111 3935 205 3974 omues
227 3919 257 3974 Β
273 3922 423 3976 m.1item
440 3921 536 3976 statim
557 3935 624 3989 peno
649 3921 736 3974 omnis
840 3918 875 3974 14
897 3920 1006 3974 maioris
1030 3935 1065 3974 eor
1087 3917 1200 3994 maiores
1219 3923 1245 3972 et

109 4006 140 4059 A
166 4011 194 4060 ct
220 4005 249 4060 Β
273 4021 345 4062 corr.
371 4022 406 4064 m.
432 4009 451 4061 2
579 4005 770 4061 criminosioris
797 4021 833 4060 cu
860 4021 916 4060 ·res
943 4006 971 4060 A
997 4019 1067 4062 corr.
1093 4020 1126 4058 ot
1156 4007 1176 4058 Β

110 4090 206 4146 16.17
224 4091 401 4159 condempnas
418 4097 460 4146 ier
477 4091 505 4145 A
531 4092 710 4161 condempnes
727 4096 770 4147 ter
787 4090 816 4145 Β
911 4090 947 4144 20
963 4089 1128 4159 implurimis
1147 4088 1245 4142 deteri-

111 4177 205 4231 oribus
227 4177 256 4231 A
359 4178 394 4232 23
417 4177 489 4246 quod
512 4194 563 4236 om.
587 4179 616 4233 Β
632 4183 703 4233 m.1
807 4177 842 4232 24
864 4193 918 4232 non
942 4177 970 4231 B
985 4192 1007 4232 e.
1026 4178 1043 4232 i.
1146 4176 1182 4230 25
1205 4191 1246 4229 es·

110 4263 184 4319 rrilril
202 4265 238 4330 A,
264 4263 354 4330 fuisse
371 4263 484 4321 aiddur
501 4280 534 4319 err
631 4265 665 4320 26
678 4279 733 4334 pro
751 4267 779 4318 et
796 4264 824 4318 A
841 4263 865 4318 si
882 4279 904 4318 e.
922 4264 939 4318 i.
957 4263 1030 4317 Μ
1128 4263 1172 4316 est
1189 4277 1245 4334 rnu-

111 4352 185 4406 neris
203 4349 231 4404 Β
