3068 5012
426 412 464 467 de
482 410 620 481 gubern.
638 411 691 468 dei
708 411 763 468 VII
785 415 801 476 β
819 411 931 469 alt-ca
1182 415 1244 482 185

110 603 211 685 igitur
235 603 277 668 ud
297 603 422 669 laudem
444 619 552 668 eornm
581 602 657 668 haec
679 604 809 686 possunt
830 602 918 682 talia,
948 602 1074 670 etiamsi
1094 603 1160 670 alia
1180 620 1242 670 non

111 705 228 772 dicam:
252 705 423 772 abominati
447 704 532 770 enim
554 705 630 770 sunt
644 705 783 772 uirorum
805 705 1020 792 impuritates;
1043 706 1114 790 plus
1138 707 1239 774 adhuc

21 809 22 830 l
110 808 209 874 addo:
235 807 407 875 abominati
428 807 523 874 etiam
545 809 743 890 feminarum,
768 809 957 876 horruerunt
978 811 1079 876 lustra
1095 827 1131 876 ac
1153 811 1241 893 lupa·

110 911 209 991 naria,
234 911 421 978 horruerunt
444 910 630 977 concubitus
653 911 874 994 contactusque
902 912 1114 978 meretricum.
1149 913 1294 980 num-90

89 1015 185 1098 equid
209 1015 268 1082 lroc
292 1015 440 1081 credibile
462 1015 537 1079 ullis
554 1015 653 1080 uideri
667 1017 779 1098 potest,
802 1015 958 1082 Romanos
975 1016 1052 1082 haec
1066 1015 1241 1096 admisisse,

111 1119 258 1186 barbaros
282 1119 462 1184 horruisse?
484 1105 539 1185 aut
561 1119 713 1201 numquid
736 1119 784 1184 est
805 1123 875 1202 post
897 1119 967 1200 ista,
992 1137 1070 1202 quae
1094 1119 1240 1199 diximus,

19 1277 20 1308 3
108 1223 192 1304 qnod
224 1223 288 1288 dici
314 1241 402 1306 posse
429 1223 599 1289 uideatur?
632 1223 687 1288 sed
715 1223 762 1288 est
785 1225 892 1288 amen
913 1224 945 1289 et
965 1222 1067 1290 multo
1089 1225 1161 1308 plus
1185 1227 1241 1290 est.

19 1317 20 1320 ’
108 1344 184 1390 nam
208 1325 291 1408 quod
312 1326 427 1393 uitesse
450 1343 501 1391 eos
524 1343 572 1389 res
595 1323 701 1392 foedas
731 1326 873 1403 diximus,
906 1327 1009 1390 minus
1033 1331 1101 1405 est;
1136 1329 1240 1410 potest

109 1430 195 1494 enim
230 1430 299 1510 quis
331 1428 495 1494 inhoneste
527 1429 663 1510 horrere,
695 1445 757 1494 non
791 1427 916 1494 tollere:
949 1427 1028 1495 illud
1063 1431 1170 1514 magni
1203 1446 1240 1494 ac

76 1556 98 1594 ιο
106 1531 277 1616 singularis
307 1533 356 1598 est
382 1531 499 1612 meriti,
529 1551 590 1598 non
619 1531 720 1597 solum
749 1532 853 1613 ipsum
878 1532 950 1598 labe
971 1551 1033 1596 non
1055 1532 1162 1618 pollui,
1186 1535 1240 1598 ssd

105 1635 272 1719 prouidere
295 1637 391 1702 etiam
411 1655 451 1701 ne
472 1653 621 1718 umquam
644 1634 700 1701 alii
726 1635 914 1717 polluantur.
948 1639 1127 1719 procurator
1156 1637 1239 1702 enim

106 1743 155 1803 est
179 1738 407 1821 quodammodo
429 1738 539 1804 salutis
563 1739 727 1815 humanae,
751 1737 804 1820 qui
828 1757 888 1803 non
910 1739 1036 1802 tantum
1051 1737 1084 1804 id
1102 1737 1179 1822 agit,
1202 1742 1238 1804 ut

105 1843 176 1925 ipsa
208 1842 306 1906 bonus
334 1841 387 1920 sit,
415 1844 468 1907 sed
497 1840 616 1906 efficere
638 1844 670 1904 et
692 1841 750 1906 hoc
781 1840 906 1920 nititur,
935 1843 971 1906 ut
994 1841 1049 1906 alii
1072 1841 1150 1906 mali
1172 1859 1238 1906 esse

105 1944 275 2012 desistant.
313 1949 431 2031 grande
454 1947 502 2012 est
524 1946 669 2029 profecto,
702 1946 784 2028 qnod
808 1946 949 2024 dicimus,
985 1946 1102 2030 grande
1124 1964 1161 2012 ac
1183 1963 1236 2010 sn·
1248 1951 1287 2017 91

75 2046 312 2132 supereminens.
343 2047 413 2132 quis
436 2047 535 2114 crodit
549 2047 719 2114 Wandalos
742 2048 778 2112 in
798 2047 981 2114 ciuitatibus
1004 2049 1156 2114 Romanis
1177 2048 1239 2114 ista

103 2151 247 2218 fecisse?
269 2153 389 2218 remota
411 2152 524 2236 quippe
546 2153 595 2217 est
616 2151 657 2216 ab
681 2150 745 2216 illis
769 2152 913 2217 omnibus
935 2152 1037 2216 carnis
1060 2152 1237 2236 impuritas.

104 2261 138 2322 at
163 2258 319 2340 quomodo
351 2258 494 2322 remota?
526 2275 588 2323 non
615 2256 697 2320 sicut
730 2255 882 2321 remoueri
911 2255 1017 2339 aliqua
1048 2255 1237 2320 aliomanis

103 2360 219 2439 solent,
250 2360 304 2442 qui
331 2359 478 2439 statuunt
504 2377 567 2424 non
589 2357 756 2424 furandum
779 2362 811 2422 et
832 2357 988 2437 furantur,
1013 2357 1066 2440 qui
1089 2359 1237 2424 statuunt

103 2481 168 2528 non
196 2463 440 2528 adulterandum
470 2462 501 2525 et
528 2459 622 2544 primi
649 2460 838 2526 adulterant.
875 2460 1020 2543 quamuis
1050 2478 1146 2544 paene
1176 2479 1237 2526 non

73 2565 227 2651 apossim
249 2567 359 2650 dicere,
382 2566 464 2648 quod
487 2563 646 2642 furentum
669 2582 732 2629 non
747 2566 829 2629 enirn
844 2564 918 2629 sunt
933 2581 1012 2646 quae
1027 2568 1127 2647 agunt
1140 2564 1235 2645 irrita,

103 2670 159 2735 sed
187 2670 362 2735 latrocinia.
399 2668 491 2754 punit
521 2668 605 2733 enim
634 2669 724 2733 iudex
753 2667 787 2734 in
808 2666 869 2731 alio
891 2667 1130 2749 osculationem,
1165 2685 1236 2735 curn

103 2776 146 2838 sit
169 2773 240 2856 ipse
263 2772 430 2856 peculator,
460 2771 552 2854 punit
573 2772 724 2854 rapinam,
754 2774 913 2854 cumipse
937 2771 979 2836 sit
1001 2774 1116 2855 raptor,
1146 2772 1237 2855 punit

103 2877 268 2952 sicarium,
291 2894 363 2941 cum
385 2875 451 2955 ipsc
472 2873 514 2938 sit
536 2873 700 2958 gladiator,
722 2875 812 2957 punit
828 2873 1005 2940 effractores
1028 2876 1237 2942 claustrorum

103 2979 323 3057 mestianum,
353 2995 424 3044 cum
453 2975 495 3043 sit
518 2977 584 3059 ipse
607 2995 731 3043 euersor
757 2978 893 3056 urbium,
923 2977 1013 3060 punit
1036 2979 1237 3060 expoliatores

73 3084 282 3166 ssdomomm,
317 3082 453 3150 sumsit
480 3081 548 3166 ipse
581 3080 752 3165 expoliatur
784 3083 1026 3166 prouinciarum.
1065 3081 1158 3166 alque
1180 3083 1237 3149 hoc
1246 3087 1288 3154 92

155 3322 169 3376 1
189 3321 261 3376 talia
277 3320 411 3388 Butam
438 3320 489 3374 tali
507 3320 554 3376 aad
566 3321 681 3388 monetis
698 3321 847 3390 suppositis
864 3320 892 3374 A
912 3319 980 3376 talia
995 3320 1105 3376 mmm
1122 3321 1236 3376 inclusit

100 3408 236 3462 Halmius
252 3407 311 3474 scd,
331 3412 416 3476 puto,
436 3406 590 3462 Malacae
607 3406 729 3462 emacim
747 3406 873 3474 addidit,
896 3413 929 3460 at
945 3422 1027 3476 saepe
1044 3407 1115 3462 aliae
1128 3423 1235 3476 proac-

100 3493 226 3548 me'mibae
250 3493 295 3547 hic
313 3491 402 3562 etqui
421 3491 467 3561 (es.
486 3498 510 3558 ἕ.
530 3496 592 3547 104:
620 3491 684 3546 haec
704 3491 774 3546 talia
792 3491 1004 3563 praedicantem:
1032 3493 1175 3549 111141:
1202 3493 1236 3548 ad

101 3596 169 3649 quos
187 3579 284 3649 ntique
301 3579 370 3633 tales
388 3577 458 3633 alico
474 3594 503 3632 a.
522 3577 586 3633 ch
606 3577 667 3632 ΙΙΙ
684 3594 705 3632 e.
723 3595 752 3635 a.
771 3577 847 3648 talis)
870 3584 897 3634 et
916 3583 1064 3648 praeterea
1086 3595 1161 3636 more
1185 3595 1235 3636 sao

14 3655 15 3698 ³
100 3666 168 3721 lusit
184 3663 263 3728 talia,
286 3665 341 3718 elic
443 3663 460 3718 o
483 3663 548 3718 ullis
571 3663 669 3735 uideri]
687 3663 738 3719 ulli
755 3663 864 3720 suadere
883 3669 962 3732 (corr.
980 3681 1015 3721 m.
1033 3669 1054 3722 2
1073 3667 1120 3732 ·ri)
1138 3667 1166 3720 A

101 3753 215 3821 lposse
231 3743 321 3805 nid-m
338 3749 455 3818 sedlss‘c)
472 3751 501 3803 A
585 3743 697 3820 estJ'v‘
716 3751 748 3805 ia
764 3751 812 3818 fic.
829 3751 847 3805 l.
865 3751 967 3821 (tertio)
985 3753 1013 3807 A
1101 3751 1134 3806 12
1151 3752 1235 3821 quod-

101 3837 218 3892 admodo
235 3836 285 3891 scd
302 3836 320 3890 d
336 3836 404 3892 med.
424 3841 521 3904 paracl.
545 3836 573 3890 A
676 3836 709 3890 13
733 3839 761 3890 et
779 3853 828 3892 om.
852 3837 880 3892 B
983 3842 1012 3892 et
1029 3838 1080 3892 hcc
1097 3838 1166 3892 nim
1184 3839 1234 3893 alii

100 3925 128 3976 A
230 3921 264 3976 14
281 3922 363 3994 grado
380 3924 408 3977 A
506 3921 539 3976 15
557 3922 643 3976 credit
659 3923 687 3980 A
704 3923 789 3992 (mma
806 3923 886 3994 opud
901 3923 1045 3980 Halmium
1062 3923 1161 3994 ἅπαθε
1179 3940 1234 3979 cro·

102 4011 151 4064 dat
168 4008 339 4064 BHolme'ae
443 4008 475 4063 l‘l
493 4007 528 4062 ad
545 4023 566 4062 e.
584 4024 690 4066 ecam.
709 4011 758 4065 2t
780 4011 808 4064 A
912 4010 945 4066 18
967 4009 1233 4086 qni-iurantan

98 4101 163 4163 poet
180 4093 336 4148 adulterant
353 4093 432 4149 calm
533 4093 569 4148 20
585 4095 686 4164 possim
706 4095 751 4150 Tu
768 4101 794 4152 et
812 4095 887 4151 edd:
914 4104 993 4165 possit
1011 4097 1039 4152 A
1064 4112 1170 4166 possum
1190 4097 1233 4168 R,

103 4180 140 4248 cf.
158 4179 284 4236 Indicam
302 4180 358 4235 ΠΙ
370 4196 391 4234 e.
408 4196 436 4236 a.
459 4179 583 4249 quemuis
684 4181 717 4237 21
744 4181 774 4238 in
800 4182 842 4236 als
869 4184 1033 4252 peculstmre
1060 4184 1088 4237 A
1115 4183 1155 4250 (in
1178 4183 1232 4238 alio

103 4265 298 4334 peculaticnem
324 4265 364 4334 B)
468 4265 503 4319 23
525 4266 655 4320 escarium
677 4267 733 4322 AB
783 4337 786 4344 ,
834 4268 872 4322 sit
897 4269 953 4337 ipse
976 4269 1113 4338 gladiator
1135 4269 1163 4324 B

105 4350 245 4405 circatores
263 4351 291 4407 A
395 4350 430 4405 24
446 4347 667 4406 hostiorum'AB
770 4354 804 4410 25
821 4355 1016 4424 prouintiarum
1033 4355 1062 4411 A
