3068 5012
478 383 516 438 ad
535 384 711 438 ecclesiam
734 384 763 438 11
781 387 797 448 θ
816 383 925 440 16-22.
1206 386 1268 454 251

133 574 406 657 obtemperantem
435 577 515 639 tunc
540 574 604 658 legi
634 573 779 656 praebuit
801 573 891 656 quasi
913 575 1078 659 euangelia
1100 573 1267 658 conpleuit.

133 694 198 742 non
221 681 269 744 est
284 695 365 762 erge
376 679 469 760 ·qnod
486 677 731 760 confugiendum
746 677 808 743 sibi
823 696 907 743 nnnc
923 678 1090 761 quisquam
1106 680 1145 744 ad
1166 678 1268 762 legam

133 783 242 862 putet;
266 781 405 845 uetera
428 779 546 857 enim,
569 785 605 847 ut
621 779 666 844 ait
682 781 852 864 spostolus,
868 782 1138 859 transierunt,
1161 782 1270 848 facta

134 886 229 948 sunt
263 883 393 948 omnia
426 901 536 948 noua.
573 884 644 965 plns
678 885 756 948 tuno
788 883 1004 966 indulgentiae
1037 885 1104 950 erat
1132 887 1166 950 et
1193 883 1321 966 plus20

112 986 294 1054 elioentiae
330 988 406 1052 tunc
429 1005 501 1052 esus
531 987 673 1052 carnium
694 986 935 1068 praedicabatur
955 1006 1041 1052 nunc
1063 986 1268 1052 abstinentia:

134 1093 214 1156 tunc
233 1091 268 1154 in
290 1089 377 1155 amni
388 1089 468 1154 uita
488 1090 675 1155 ieiuniorum
690 1090 872 1172 paucissimi
887 1091 953 1156 dies
969 1111 1051 1157 nuuc
1067 1091 1158 1173 quasi
1170 1110 1270 1156 unum

134 1194 291 1259 ieiunium
311 1195 379 1259 uita
400 1194 520 1260 omnis:
550 1194 627 1258 tunc
656 1192 749 1258 laesis
771 1194 851 1258 ultio
873 1193 1058 1276 suppetebat
1081 1212 1164 1259 nuuc
1185 1194 1270 1276 pati-

136 1298 238 1363 entia:
273 1301 348 1362 tunc
375 1295 586 1362 irascentibus
614 1295 663 1361 lcx
692 1296 841 1360 ministra
869 1299 939 1361 erat
968 1314 1052 1361 nunc
1075 1297 1269 1362 aduersariez

134 1401 215 1466 tunc
252 1402 427 1467 accusatori
463 1398 604 1481 gladium
641 1397 822 1482 porrigebat
855 1416 938 1464 nunc
972 1400 1156 1466 caritatem:
1194 1400 1271 1466 tunc
1296 1450 1332 1470 „

99 1503 234 1568 metiam
259 1503 377 1568 carnali
405 1501 581 1567 inlecebrae
609 1487 660 1568 ler
682 1489 865 1583 indulgebat
888 1518 971 1566 nunc
994 1501 1193 1584 euangelium
1215 1521 1271 1568 nec

136 1606 293 1689 aspectui:
316 1607 393 1670 tunc
417 1623 582 1686 corporeae
606 1605 785 1688 uoluptates
808 1602 968 1671 habebant
990 1605 1150 1686 quandam
1173 1604 1270 1670 licen-

135 1709 219 1774 tiam
239 1726 323 1772 nunc
344 1709 493 1774 iubentur
515 1708 611 1774 etiam
633 1708 714 1774 oculi
736 1706 892 1774 custodire
922 1724 1105 1772 censuram:
1135 1707 1210 1774 tune
1231 1707 1271 1774 ad

136 1812 256 1878 multas
289 1829 399 1902 nrorcs
430 1811 622 1895 recipiendas
655 1811 749 1876 unius
782 1811 888 1877 mariti
917 1813 1021 1876 torum
1043 1812 1093 1876 lex
1115 1810 1271 1877 dilatabat

136 1903 223 1982 nuuc
257 1917 352 1980 ctiam
376 1915 534 1984 adunam
566 1914 794 1981 excludendam
831 1915 914 1979 easti-
942 1914 1075 1980 affectus
1109 1911 1271 1979 deuotione

102 2019 339 2102 reconstriugit.
376 2017 560 2101 superest
594 2007 710 2100 enim,
746 2018 849 2101 inquit
878 2018 1047 2100 apostolae,
1081 2019 1125 2082 ut
1147 2021 1185 2082 ct
1207 2015 1322 2100 quill

20 2121 21 2138 ²
137 2121 284 2186 habent
317 2139 455 2186 uxores
488 2121 548 2189 ita
581 2121 662 2187 siut
690 2139 733 2186 ac
763 2122 796 2185 si
828 2140 901 2186 non
923 2121 1108 2198 habeant,
1144 2124 1181 2186 et
1204 2119 1272 2202 qui

138 2222 243 2290 flent
278 2227 478 2307 tamquam
510 2245 584 2290 non
613 2225 781 2304 flentes,
815 2226 853 2289 ct
882 2224 947 2308 qui
974 2226 1156 2304 gaudent
1178 2227 1272 2289 tam-

139 2345 253 2409 quam
287 2346 362 2394 non
392 2328 629 2412 gaudentes,
664 2329 701 2393 et
730 2329 796 2411 qui
823 2329 957 2394 emunt
979 2331 1175 2410 tamquam
1197 2343 1272 2393 non

138 2417 411 2514 possidentes,
446 2433 483 2496 et
516 2430 581 2513 qui
614 2430 782 2496 utuntur
812 2431 881 2496 boc
910 2431 1050 2496 mundo
1074 2432 1272 2512 tamquam

105 2552 214 2602 aenon
248 2535 432 2610 utantur;
465 2535 662 2617 praeterit
696 2533 799 2599 enim
829 2533 961 2618 figura
992 2531 1111 2598 huius
1132 2533 1271 2598 mundi.

140 2635 246 2700 uidete
276 2655 372 2720 quam
397 2635 536 2701 breuiter
563 2637 680 2703 missus
703 2637 800 2700 adeo
831 2635 936 2700 doctor
960 2636 1073 2700 cuncta
1094 2633 1272 2700 moderatus

141 2738 184 2804 sit
207 2742 240 2802 et
260 2740 347 2804 intra
374 2757 471 2806 unam
499 2739 725 2822 perfectionem
747 2739 894 2806 uniuersa
916 2738 1112 2817 concluserit,
1139 2755 1201 2804 non
1223 2738 1273 2802 in-

139 2842 231 2908 licite
253 2843 354 2906 solum
376 2839 592 2908 interdicendo
619 2841 676 2907 sed
704 2840 802 2909 ctiam
824 2842 913 2909 licita
936 2841 1112 2920 coartando,
1137 2838 1273 2906 obcum-

142 2945 248 3010 cidens
277 2943 402 3012 seilicet
431 2948 462 3010 et
489 2962 582 3010 usum
604 2945 821 3028 coniugiorum
844 2948 876 3008 et
897 2944 1119 3010 infidelitatem
1141 2943 1274 3010 fletuum

107 3051 172 3118 caet
193 3046 474 3129 intemperantiam
496 3047 683 3132 gaudiorum
705 3050 736 3112 et
759 3047 893 3112 habendi
915 3047 1081 3113 libidinem
1104 3051 1136 3112 et
1151 3046 1273 3112 emendi

141 3149 347 3234 cupiditatem
381 3154 413 3215 et
446 3152 547 3234 ipsam
582 3149 714 3233 denique
747 3149 857 3215 mundi
891 3150 984 3218 huius
1017 3152 1147 3216 breuem
1180 3154 1272 3232 atque

139 3253 343 3320 umbratilem
365 3255 571 3337 uoluptatem.
610 3254 741 3320 ethaeo
764 3254 871 3320 omnia
893 3256 972 3318 curi
996 3272 1052 3318 cur
1069 3252 1177 3334 utiquc
1200 3249 1325 3345 nisi‚22

140 3358 177 3424 ut
199 3357 267 3440 ipse
289 3357 378 3436 dixit,
401 3359 476 3439 quia
497 3357 650 3442 praeterit
672 3357 774 3444 figura
796 3357 889 3422 huius
904 3357 1038 3422 mundi?
1065 3373 1160 3438 quam
1180 3354 1274 3440 longe

192 3543 341 3599 311001.
358 3545 383 3612 5,
403 3545 436 3598 m
541 3544 573 3597 15
596 3543 691 3599 1001.
710 3543 787 3608 rme

193 3714 209 3766 1
236 3713 407 3782 euangelium
431 3713 473 3768 ad.
497 3713 638 3768 Bubasius
659 3715 731 3780 (cum
754 3714 779 3779 b)
884 3712 903 3767 4
928 3711 1117 3780 indulgentiae
1142 3726 1177 3766 ec
1201 3711 1275 3768 indi-

141 3799 250 3869 gentiae
267 3815 336 3858 con.
350 3801 428 3858 [aad
443 3799 473 3858 B
576 3801 688 3854 bassus
704 3800 734 3854 A
837 3801 852 3854 7
870 3799 1032 3868 subpetebat
1049 3799 1078 3853 Β
1183 3799 1217 3854 14
1239 3797 1275 3851 ad

142 3885 523 3942 nummatam
623 3885 755 3940 tiintm
775 3901 857 3942 unam
880 3885 1275 3952 saepememorati

143 3971 202 4030 cdd·
230 3973 317 4030 aaa
335 3971 469 4030 Edusae
493 3972 620 4028 nodia
640 3977 786 4042 moratu
808 3973 869 4028 erit.
887 3971 1025 4028 abactam
1084 4021 1087 4028 .
1126 3969 1161 4026 23
1187 3970 1274 4025 iuter-

143 4057 254 4118 diceudo
270 4057 531 4116 mammaeae
543 4058 689 4116 amnon·
706 4057 892 4116 intercidendo
909 4057 967 4114 ΑΒ
982 4057 1056 4126 qaod
1071 4056 1137 4124 sort.
1153 4056 1274 4114 rdiam

144 4145 269 4204 doctam
283 4151 407 4214 propter
431 4161 547 4214 cepam
568 4145 762 4204 circumcidcm
787 4145 824 4212 cs.
849 4145 976 4203 Iudicem
996 4142 1058 4200 111
1079 4159 1105 4200 a.
1129 4160 1163 4198 ae.
1187 4144 1273 4199 inter-

145 4231 230 4286 cidere
332 4231 366 4289 ii
393 4244 440 4288 cnr
465 4232 719 4288 alemanam
744 4231 793 4288 aed
817 4233 860 4286 sta
881 4237 915 4288 at
937 4229 1030 4288 odbcec
1051 4230 1106 4300 topi
1127 4229 1275 4298 eoas-a,

145 4333 195 4373 cm.
213 4317 242 4372 Β
