3036 5004
420 391 458 446 de
475 389 614 460 gubern.
632 390 686 446 dei
703 391 764 446 1111
783 395 798 456 θ
815 391 935 450 80-85.,
1198 393 1242 458 95

114 601 145 648 ss
166 581 251 648 bona
272 579 404 660 discere,
428 579 511 662 quod
532 580 655 646 metam
675 599 708 647 ss
729 580 857 648 sanctas
879 579 958 664 legis
980 581 1146 665 praecepta
1167 583 1244 646 reti·

113 703 195 751 nore.
226 682 256 750 si
278 682 363 750 enim
378 682 462 749 hona
476 681 644 764 discerent,
663 681 867 753 boniesseut.
898 683 974 767 talis
996 683 1135 768 profecto
1158 683 1245 750 secta

112 789 158 853 ost
180 787 291 870 quales
306 787 338 851 et
352 789 538 854 sectatores:
561 787 619 853 hoo
635 787 711 852 sunt
724 787 840 870 absquo
862 786 966 866 dubio,
990 786 1073 872 quod
1087 788 1244 854 docentur.

112 892 241 976 apparet
261 890 366 972 itaque
381 891 414 954 et
434 890 612 974 prophotas,
635 907 713 972 quos
735 889 862 972 habent,
885 889 1103 972 impuritatem
1125 889 1244 971 docere,

93 996 144 1059 set
158 993 326 1077 apostolos,
349 1011 426 1076 quos
441 993 559 1078 legunt,
583 993 705 1061 nefaria
720 992 868 1074 sanxisse,
885 994 917 1059 st
933 993 1108 1078 euangelia,
1131 993 1245 1077 quibus

111 1096 308 1175 imbuuntur,
331 1097 408 1163 haee
430 1116 509 1180 quae
532 1098 593 1181 ipsi
609 1096 733 1163 faciunt
746 1097 932 1180 praedicare.
962 1099 1120 1180 postremo
1134 1097 1296 1165 saneta84

111 1199 341 1266 acbristianis
370 1200 494 1284 fierent,
524 1199 553 1265 si
575 1198 719 1266 Christus
746 1201 854 1266 sancta
878 1200 1044 1268 docuisset
1082 1200 1243 1267 aestimari

110 1305 217 1388 itaque
240 1307 278 1370 de
307 1303 483 1370 cultoribus
515 1305 580 1370 suis
612 1304 717 1387 potest
749 1303 804 1370 ille
837 1303 891 1386 qui
926 1301 1050 1370 colitur.
1089 1304 1244 1387 quomodo

111 1408 196 1472 anim
218 1409 318 1475 bonus
340 1408 491 1492 magister
513 1410 570 1486 est,
594 1407 683 1473 onius
705 1409 773 1474 tam
796 1406 895 1472 malos
910 1407 1052 1475 uidemus
1068 1426 1134 1474 osse
1150 1408 1241 1474 disci·

81 1510 225 1594 apulos?
259 1531 295 1577 ex
316 1511 384 1596 ipso
414 1511 499 1575 enim
523 1509 696 1576 Christiani
718 1512 807 1588 sunt,
838 1508 942 1592 ipsum
970 1510 1116 1588 audiunt,
1139 1511 1244 1594 ipsum

110 1615 232 1698 legunt.
269 1617 452 1696 promptum
475 1616 522 1680 cst
544 1616 686 1681 omuibus
709 1611 828 1680 Christi
854 1613 1037 1700 intellegere
1060 1613 1242 1680 doctrinam.

111 1718 183 1782 uide
200 1715 373 1783 Christiani
395 1717 471 1800 quid
494 1721 601 1800 agant,
624 1719 657 1781 st
679 1716 839 1783 euidenter
861 1717 950 1800 potes
967 1718 1004 1782 dc
1019 1715 1145 1782 Christo
1168 1717 1244 1782 scire

16 1849 18 1856 ·
111 1820 186 1902 quid
220 1822 341 1887 doceat.
379 1819 511 1904 denique
540 1839 634 1904 quam
662 1839 758 1904 praue
780 1838 816 1885 ao
837 1819 954 1885 nefarie
984 1823 1098 1904 pagani
1120 1821 1296 1903 somperht

112 1923 149 1988 de
170 1922 270 1988 sacris
298 1923 462 1990 dominicis
491 1923 611 2006 opinati
640 1924 714 2003 sint,
743 1924 852 1990 docent
875 1927 1108 2005 persecutorum
1130 1924 1244 1990 imma·

80 2026 201 2092 scnium
231 2025 467 2092 cruentissimae
496 2025 711 2109 quaestiones,
742 2028 796 2110 qui
826 2026 859 2092 in
882 2027 1042 2094 sacrificiis
1065 2029 1244 2094 christianis

109 2129 191 2194 nihil
226 2129 313 2195 alind
345 2147 439 2212 quam
473 2131 597 2212 impura
630 2133 782 2213 quaedam
815 2131 884 2196 fieri
917 2134 1011 2214 atque
1038 2130 1246 2197 abominanda

111 2232 290 2299 credebant.
328 2232 482 2316 siquidem
510 2232 608 2298 etiam
628 2233 722 2298 initia
743 2233 812 2317 ipsc
834 2237 961 2299 nostrae
984 2234 1145 2312 roligionis
1167 2253 1244 2300 non·

110 2337 172 2402 nisi
195 2355 214 2401 a
240 2335 361 2403 duobus
377 2339 521 2402 maximis
543 2335 734 2403 facinoribus
750 2335 825 2401 oriri
840 2338 1083 2416 arbitrabantur,
1106 2337 1245 2419 primum

110 2440 234 2507 scilieet
258 2439 434 2519 homicidio,
458 2439 580 2518 deinde,
605 2439 687 2522 qnod
704 2439 870 2506 homicidio
886 2442 934 2506 ost
949 2441 1087 2524 manius,
1109 2440 1243 2520 incestu,

80 2562 167 2610 snae
189 2543 360 2611 homicidio
383 2543 484 2610 solum
506 2547 537 2609 et
560 2545 690 2624 incestu,
718 2545 772 2610 sed
794 2547 876 2627 quod
898 2545 1075 2611 sceleratius
1097 2543 1245 2627 quiddam

112 2652 159 2713 ast
181 2649 306 2714 incestu
327 2647 395 2730 ipso
411 2649 444 2713 st
466 2647 645 2729 homicidio,
668 2647 791 2713 incestu
814 2650 952 2714 matrum
975 2651 1245 2714 sacrosanctarum
1279 2714 1282 2722 ,

111 2752 143 2816 et
164 2751 336 2816 homicidio
359 2751 570 2819 innocentium
585 2753 799 2834 paruulorum,
822 2768 898 2834 quos
920 2769 983 2818 non
998 2752 1098 2818 occidi
1120 2755 1245 2819 tantum

111 2854 344 2934 aOhristianis,
366 2855 429 2933 ssd,
452 2854 535 2938 quod
555 2854 659 2938 magis
682 2855 927 2921 abominandum
950 2858 1007 2933 cst,
1031 2857 1128 2922 ctiam
1143 2859 1246 2922 ucrari

111 2957 354 3024 existimabant:
385 2961 419 3025 ot
439 2958 516 3024 haee
538 2959 645 3025 omnia
667 2958 707 3023 ad
727 2959 914 3042 placandum
936 2959 1039 3041 deum,
1069 2960 1158 3044 quasi
1179 2960 1245 3026 ullo

79 3061 253 3128 sfacinors
273 3061 375 3146 magis
397 3065 502 3146 posset
524 3061 648 3140 offendi,
674 3062 714 3128 cd
735 3062 932 3146 purgandum
953 3064 1125 3144 piaculum,
1157 3061 1245 3145 qnasi

112 3165 218 3231 ullum
241 3165 327 3232 alind
349 3168 450 3231 mains
466 3168 557 3244 esset,
582 3165 622 3229 ad
637 3167 913 3231 commendandum
936 3165 1131 3244 sacrificium,
1156 3165 1246 3248 quasi

166 3388 181 3441 1
201 3386 312 3456 discere]
332 3386 416 3441 dicero
434 3386 462 3441 Β
566 3385 583 3440 2
601 3385 667 3440 talis
685 3401 719 3440 ero
736 3386 804 3440 tales
822 3385 851 3440 A
867 3402 937 3442 corr.
949 3389 1017 3441 Μ
1115 3387 1132 3441 3
1150 3386 1247 3442 docent

110 3472 161 3528 aad
178 3488 237 3528 roo.
257 3487 346 3541 capra
363 3473 378 3526 t
395 3471 437 3528 lc't.
453 3473 483 3526 A
585 3473 602 3526 b
626 3472 758 3526 sancriese
781 3472 809 3527 A
913 3472 928 3526 7
951 3473 1142 3529 aestimatiora
1161 3473 1247 3528 -reA

111 3575 185 3616 corr.
202 3576 239 3614 m.
258 3561 278 3614 2
301 3560 366 3614 ίιειιι
382 3559 478 3614 annm
494 3557 542 3613 ille
560 3574 594 3613 ecc
610 3559 677 3627 illie,
703 3559 789 3613 malos
807 3575 842 3614 ee>
859 3559 954 3625 malus,
982 3559 1104 3638 uidemus
1121 3575 1158 3614 eos
1174 3558 1246 3612 nidi-

110 3662 174 3700 mns
281 3646 312 3699 11
336 3644 441 3714 legunt]
466 3644 582 3699 andiunt
605 3645 657 3714 (sic
673 3645 785 3710 iterum)
806 3644 835 3699 Β
940 3646 973 3700 12
995 3644 1152 3700 christianis
1168 3645 1247 3700 aeds

110 3732 197 3798 finali
216 3736 317 3800 punct.
343 3731 372 3786 A
399 3729 562 3786 christianos
587 3732 615 3786 Β
721 3733 817 3804 potest
837 3731 886 3786 sed
903 3732 917 3783 t
933 3732 1014 3799 finali
1031 3738 1129 3802 praem
1150 3731 1179 3786 A

112 3818 148 3872 13
171 3818 241 3887 qnid
257 3818 352 3872 doceat
369 3833 404 3872 eoa
421 3815 494 3885 qnod
512 3816 540 3874 d
556 3817 585 3870 A
602 3832 672 3872 corr.
691 3819 766 3877 aad
869 3817 983 3888 donique
1001 3833 1031 3874 ac
1048 3834 1129 3889 qnam
1151 3818 1179 3872 Β

112 3904 148 3958 14
174 3905 394 3978 persequutorum
420 3902 449 3958 Β
553 3903 587 3958 16
613 3902 812 3958 abhominanda
837 3903 886 3958 aad
908 3904 999 3962 holel.
1023 3904 1051 3960 A
1076 3905 1141 3960 item
1158 3903 1247 3973 paule

108 3995 176 4060 pest
281 3989 529 4064 lictinmorp.B
633 3989 1109 4047 lssoririenoriroAcorr.na2
1205 4005 1248 4044 ar·

111 4075 254 4132 bibuntur
270 4075 299 4130 Β
394 4077 427 4130 19
444 4080 487 4131 cst
503 4092 554 4132 orn
573 4076 602 4131 Β
617 4081 681 4131 aaz
775 4077 810 4130 20
828 4093 876 4131 nec
894 4076 1179 4148 homicidio-inquam
1196 4092 1249 4136 ons.

114 4161 143 4216 Β
158 4167 224 4218 naz
319 4161 427 4234 quidem
445 4178 480 4218 erc
497 4162 607 4232 qnidam
625 4163 654 4218 A
671 4179 742 4220 corr.
760 4165 829 4219 Μ
848 4163 987 4232 (quiddam
1003 4163 1033 4217 Β
1051 4168 1077 4218 et
1093 4163 1126 4218 tn
1142 4180 1160 4218 c
1177 4177 1251 4223 corr·

113 4249 314 4318 Brossa’eanos)
407 4250 442 4304 25
457 4252 547 4319 posset
564 4249 712 4308 Hdmica:
737 4249 824 4320 possit
840 4249 896 4304 AB
914 4250 1030 4318 (edredi)
1140 4251 1176 4304 26
1192 4267 1250 4305 ma·

114 4334 204 4404 gua
