3036 5004
280 423 342 489 118
767 421 923 476 Saluiani
992 413 995 420 ⁴

280 608 364 676 beati
387 609 518 692 apostoli
541 610 670 689 dictum,
694 628 754 694 quo
777 612 837 676 ait:
860 611 1019 696 ignoras
1042 610 1226 694 quoniam
1248 609 1408 676 bonitas

279 712 341 778 dei
357 715 399 779 ud
420 712 714 798 paenitentiam
729 715 768 779 to
783 714 967 780 adducit?
989 716 1202 780 secundum
1217 712 1407 778 duritiam

280 817 412 881 autem
445 819 624 882 tuamet
654 835 717 883 cor
751 819 1008 900 impaenitens
1041 817 1297 884 thesaurizas
1330 816 1408 882 tibi

226 917 379 985 501ran1
402 920 442 986 in
470 921 533 986 die
561 920 653 985 irae.
694 921 726 986 et
747 939 820 986 uere
842 921 888 986 ito
916 923 1047 1005 agimus,
1077 924 1113 986 nt
1136 919 1215 986 dicit
1238 919 1406 1004 apostolus.

279 1023 354 1087 deus
379 1022 460 1090 enim
482 1043 539 1090 nos
562 1027 655 1090 uocat
679 1023 718 1090 ed
740 1024 979 1107 paenitentiam,
1003 1027 1057 1091 sed
1080 1041 1135 1089 nos
1158 1022 1407 1089 thesaurizamus
1430 1042 1450 1085 c

277 1125 373 1191 irem:
397 1127 472 1192 deus
493 1145 548 1192 nos
571 1128 689 1194 inuitat
712 1129 751 1193 ad
774 1128 911 1211 ueniam,
934 1123 1061 1194 sed'ncs
1077 1125 1194 1194 cotidie
1209 1127 1406 1193 cumulamus

277 1229 434 1295 offensem.
473 1227 541 1295 uim
573 1231 631 1296 deo
653 1231 786 1297 facimus
813 1231 1033 1314 iniquitatibus
1055 1228 1181 1309 nostris,
1214 1229 1274 1313 ipsi
1295 1230 1329 1295 in
1351 1248 1406 1296 nes

277 1331 357 1397 iram
386 1334 561 1400 diuinitatis
591 1352 766 1401 armamus:
795 1335 935 1419 cogimus
958 1335 997 1400 ad
1021 1333 1215 1400 ulciscendas
1239 1331 1408 1398 criminum

275 1437 454 1501 nostrorum
476 1437 690 1504 immanitates
712 1437 871 1504 nolentem
895 1438 998 1518 deum,
1023 1455 1118 1521 prope
1134 1440 1181 1503 est
1197 1437 1233 1501 ut
1251 1455 1323 1502 eum
1343 1452 1406 1501 non

276 1539 497 1623 permittamus
520 1541 556 1605 ut
588 1543 706 1623 parcat.
744 1558 819 1606 nam
853 1559 924 1606 cum
946 1542 979 1605 in
1003 1560 1074 1606 eum
1104 1540 1228 1605 nullum
1257 1557 1447 1622 umqucmro

276 1642 449 1708 iniustitiae
471 1644 595 1728 signnm
618 1645 726 1710 cedere
748 1648 803 1709 ant
826 1661 974 1729 apparere
996 1642 1106 1725 possit,
1136 1644 1181 1708 sic
1202 1641 1333 1726 agimus,
1356 1645 1404 1718 ut,

275 1749 304 1812 si
327 1746 528 1812 enormitates
551 1747 728 1813 nostrornm
748 1747 899 1812 scelerum
916 1764 977 1811 non
993 1747 1167 1843 ulciscitur,
1191 1746 1324 1812 iniustus
1340 1763 1405 1810 esse

275 1850 430 1915 uideatur.

222 1975 263 2043 51
317 1969 356 2034 X.
392 1969 450 2036 Sed
484 1969 631 2036 uidelicet
664 1972 807 2054 peccator
839 1969 911 2035 fuit·
924 1970 1092 2054 aliquando
1116 1969 1239 2053 uliquis,
1274 1968 1406 2036 fortasse

275 2076 339 2139 iam
362 2091 423 2139 uon
446 2074 500 2139 est.
532 2074 587 2139 aut
610 2078 657 2139 est
679 2075 764 2139 ullus
788 2074 954 2139 criminum
977 2075 1087 2139 modus
1111 2074 1143 2139 et
1164 2090 1226 2137 non
1247 2073 1332 2155 prius
1356 2073 1445 2140 estre

275 2178 312 2241 nt
335 2175 373 2252 de
395 2175 463 2242 uita
486 2174 626 2243 homines
650 2195 744 2261 quam
767 2177 804 2242 de
827 2177 994 2259 iniquitate
1018 2175 1201 2242 discedant?
1228 2175 1296 2259 quis
1318 2175 1404 2242 enim

276 2297 337 2345 non
371 2298 441 2345 cum
475 2279 551 2363 ipsis
585 2280 809 2363 iniquitatibus
843 2281 907 2346 suis
941 2281 1073 2346 moritur
1100 2285 1131 2345 et
1155 2298 1226 2345 cum
1247 2280 1325 2362 ipsis
1349 2279 1404 2345 ed-

275 2383 403 2449 modum
438 2384 530 2469 atque
554 2383 586 2450 in
614 2385 691 2468 ipsis
726 2383 897 2450 sceleribus
931 2383 1107 2466 sepelitur?
1140 2382 1176 2448 nt
1198 2401 1271 2448 uere
1295 2383 1332 2447 de
1354 2381 1405 2450 his

275 2485 493 2570 propheticum
515 2488 596 2553 illud
618 2487 794 2553 rectissime
819 2487 881 2552 dici
903 2487 1015 2569 possit:
1039 2484 1249 2569 sepulchra
1273 2503 1405 2551 eorum

274 2589 410 2656 domus
444 2609 570 2656 eorum
598 2591 638 2655 in
671 2594 890 2670 aeternum,
925 2591 963 2656 et
993 2589 1212 2673 comparati
1234 2592 1328 2655 sunt
1349 2591 1447 2656 iu-sc

274 2693 419 2757 mentis
454 2694 750 2778 insipientibus
787 2696 823 2759 et
856 2693 1009 2760 similes
1043 2693 1145 2759 facti
1176 2694 1268 2760 sunt
1300 2693 1403 2759 illis.

274 2796 367 2877 atque
390 2797 511 2862 utinam
533 2796 696 2864 iumentis!
730 2797 843 2863 melius
871 2798 984 2881 quippe
1007 2797 1110 2865 fuerat
1132 2797 1260 2864 beluina
1281 2797 1403 2882 impru-

275 2898 380 2963 dentia
413 2902 564 2967 deuiasse.
601 2901 682 2966 illud
715 2898 803 2985 peius
827 2903 858 2967 et
881 2901 1086 2980 criminosius,
1122 2901 1195 2984 quia
1223 2919 1281 2967 non
1312 2901 1402 2985 igno-

219 3001 264 3068 52
274 3001 378 3068 rantis
394 3002 443 3067 dei
459 3004 513 3068 sed
531 3002 727 3087 despectione
749 3006 930 3086 peccarunt.
960 3006 1056 3086 atque
1078 3003 1137 3069 hoc
1159 3003 1307 3069 uidelicet
1329 3002 1403 3070 laici

273 3104 491 3169 tantummodo
512 3122 571 3170 non
597 3105 724 3188 qnidam
740 3107 836 3171 etiam
854 3107 1045 3186 clericorum,
1070 3105 1244 3173 saeculares
1260 3107 1402 3171 tantum-
1413 3125 1446 3168 sc

272 3209 364 3273 modo
387 3227 447 3274 non
480 3208 575 3274 multi
598 3209 694 3274 etiam
726 3209 875 3292 religiosi,
910 3210 1007 3275 immo
1033 3208 1092 3275 snb
1116 3211 1219 3292 specie
1242 3209 1402 3294 religionis

271 3310 360 3376 uitiis
406 3310 617 3378 saecularibus
660 3313 853 3395 mancipati:
898 3311 951 3396 qui
988 3311 1109 3380 scilicet
1153 3312 1224 3395 post
1260 3315 1402 3378 ueterum

271 3413 461 3498 flagitiorum
478 3414 592 3500 probra
608 3416 639 3481 et
655 3416 787 3481 crimina
802 3414 896 3481 titulo
913 3415 1041 3483 sibimet
1057 3415 1233 3482 sanctitatis
1249 3415 1401 3500 inscripto

272 3535 333 3582 non
356 3517 589 3584 conuersatione
611 3517 669 3583 clii
691 3518 746 3584 sad
767 3517 958 3602 professione
979 3538 1093 3586 nomeu
1117 3521 1241 3586 tautum
1259 3521 1403 3586 demuta-

374 3689 388 3743 1
408 3687 484 3743 Rom
505 3688 530 3755 2,
547 3687 565 3742 4
668 3688 701 3744 19
719 3688 792 3744 Psal.
809 3689 851 3756 48,
872 3689 913 3744 12.

321 3843 339 3898 3
356 3847 448 3899 autem
465 3861 515 3900 om.
541 3844 568 3898 Β
654 3860 699 3900 cor
716 3845 893 3915 impoenitens
912 3861 945 3902 coo
962 3861 1006 3901 cor
1023 3847 1185 3916 impenitens
1202 3847 1230 3900 A
1247 3861 1317 3903 corr,
1334 3849 1407 3902 Μ

270 3931 460 4001 (paulopost
485 3931 690 4001 paenitentiam)
721 3931 891 4001 inpoenitens
918 3947 962 3988 cor
988 3933 1016 3989 B
1128 3933 1307 4002 tapoetolus
1333 3931 1403 3987 dicit
1505 3937 1506 3941 ’

268 4015 297 4071 Β
402 4017 435 4072 15
458 4017 569 4092 autJUan
588 4015 791 4074 Rittcrstusiae
808 4018 987 4085 l‘coeoicctscro
1003 4035 1061 4075 coe
1078 4033 1147 4089 opas
1164 4033 1220 4074 csse
1236 4018 1350 4074 uidam
1367 4019 1402 4074 ios

268 4103 406 4159 scatentia
421 4103 540 4160 irmioo'
557 4103 713 4174 Halmios);
731 4105 765 4160 dc
776 4108 825 4160 aut
835 4127 870 4153 =
881 4123 916 4161 an
927 4107 987 4163 uid.
1001 4105 1128 4162 Iudicem
1139 4095 1199 4161 ΠΙ.
1286 4105 1319 4159 21
1333 4105 1404 4159 facti

269 4205 319 4245 osu.
337 4189 365 4245 B
461 4189 496 4245 224
514 4188 680 4258 despectione
698 4205 732 4246 cc
749 4190 816 4260 diepss
842 4193 870 4246 A
893 4207 962 4248 corr.
980 4209 1015 4248 m.
1033 4195 1054 4247 2
1074 4193 1139 4248 item
1156 4195 1193 4248 36
1213 4191 1354 4260 religiosae
1377 4205 1403 4246 e.

268 4290 300 4328 ae
317 4276 397 4330 ccci
483 4274 655 4346 adprobas.
674 4292 758 4333 aaa.
777 4279 918 4333 rm.1A
1003 4279 1159 4333 sanctitatis
1177 4277 1287 4332 sibimet
1303 4277 1331 4330 Β

267 4358 302 4414 29
320 4359 383 4413 elii·
403 4361 431 4414 A
535 4361 694 4418 denotauerc
710 4363 738 4418 Β
