<?xml version="1.0" encoding="UTF-8"?>
<!DOCTYPE html PUBLIC "-//W3C//DTD XHTML 1.0 Transitional//EN"
    "http://www.w3.org/TR/xhtml1/DTD/xhtml1-transitional.dtd">
<html xmlns="http://www.w3.org/1999/xhtml" xml:lang="en" lang="en">
 <head>
  <title>
</title>
<meta http-equiv="Content-Type" content="text/html;charset=utf-8" />
  <meta name='ocr-system' content='tesseract 3.04.00' />
  <meta name='ocr-capabilities' content='ocr_page ocr_carea ocr_par ocr_line ocrx_word'/>
</head>
<body>
  <div class='ocr_page' id='page_1' title='image "./corpusscriptoru14wissgoog_0322.png"; bbox 0 0 3096 5018; ppageno 0'>
   <div class='ocr_carea' id='block_1_1' title="bbox 505 385 1289 451">
    <p class='ocr_par' dir='ltr' id='par_1_1' title="bbox 505 385 1289 451">
     <span class='ocr_line' id='line_1_1' title="bbox 505 385 1289 451; baseline 0.003 -11"><span class='ocrx_word' id='word_1_1' title='bbox 505 386 543 440; x_wconf 90' lang='lat' dir='ltr'>ad</span> <span class='ocrx_word' id='word_1_2' title='bbox 561 386 736 441; x_wconf 85' lang='lat' dir='ltr'>ecclesiam</span> <span class='ocrx_word' id='word_1_3' title='bbox 760 385 805 440; x_wconf 91' lang='lat' dir='ltr'>III</span> <span class='ocrx_word' id='word_1_4' title='bbox 824 390 839 451; x_wconf 65' lang='lat'>5</span> <span class='ocrx_word' id='word_1_5' title='bbox 857 385 950 438; x_wconf 83' lang='lat'>3-10.</span> <span class='ocrx_word' id='word_1_6' title='bbox 1228 385 1289 450; x_wconf 78' lang='lat'>271</span> 
     </span>
    </p>
   </div>
   <div class='ocr_carea' id='block_1_2' title="bbox 125 573 1347 3760">
    <p class='ocr_par' dir='ltr' id='par_1_2' title="bbox 125 573 1347 3760">
     <span class='ocr_line' id='line_1_2' title="bbox 162 573 1343 662; baseline -0.002 -19"><span class='ocrx_word' id='word_1_7' title='bbox 162 580 244 662; x_wconf 91' lang='lat' dir='ltr'>quod</span> <span class='ocrx_word' id='word_1_8' title='bbox 276 577 408 644; x_wconf 91' lang='lat' dir='ltr'>diuitem</span> <span class='ocrx_word' id='word_1_9' title='bbox 436 575 565 660; x_wconf 88' lang='lat' dir='ltr'>reliquit</span> <span class='ocrx_word' id='word_1_10' title='bbox 595 576 747 640; x_wconf 82' lang='lat' dir='ltr'><strong>heredem.</strong></span> <span class='ocrx_word' id='word_1_11' title='bbox 783 575 837 640; x_wconf 91' lang='lat' dir='ltr'>sed</span> <span class='ocrx_word' id='word_1_12' title='bbox 867 578 932 639; x_wconf 91' lang='lat' dir='ltr'>esto</span> <span class='ocrx_word' id='word_1_13' title='bbox 961 573 1079 658; x_wconf 82' lang='lat' dir='ltr'>ignosci</span> <span class='ocrx_word' id='word_1_14' title='bbox 1109 575 1291 656; x_wconf 89' lang='lat' dir='ltr'>parentibus</span> <span class='ocrx_word' id='word_1_15' title='bbox 1325 576 1343 641; x_wconf 80' lang='lat'><strong>7</strong></span> 
     </span>
     <span class='ocr_line' id='line_1_3' title="bbox 161 679 1292 765; baseline -0.002 -19"><span class='ocrx_word' id='word_1_16' title='bbox 161 683 271 765; x_wconf 90' lang='lat' dir='ltr'>possit,</span> <span class='ocrx_word' id='word_1_17' title='bbox 306 681 333 745; x_wconf 92' lang='lat' dir='ltr'>si</span> <span class='ocrx_word' id='word_1_18' title='bbox 356 686 503 764; x_wconf 84' lang='lat' dir='ltr'>exparte</span> <span class='ocrx_word' id='word_1_19' title='bbox 536 681 644 763; x_wconf 91' lang='lat' dir='ltr'>aliqua</span> <span class='ocrx_word' id='word_1_20' title='bbox 676 679 882 744; x_wconf 87' lang='lat' dir='ltr'>hereditarias</span> <span class='ocrx_word' id='word_1_21' title='bbox 911 679 1078 744; x_wconf 76' lang='lat' dir='ltr'><strong>facultates</strong></span> <span class='ocrx_word' id='word_1_22' title='bbox 1106 679 1181 744; x_wconf 91' lang='lat' dir='ltr'>filiis</span> <span class='ocrx_word' id='word_1_23' title='bbox 1205 680 1292 744; x_wconf 91' lang='lat' dir='ltr'>dere·</span> 
     </span>
     <span class='ocr_line' id='line_1_4' title="bbox 163 782 1293 870; baseline -0.001 -21"><span class='ocrx_word' id='word_1_24' title='bbox 163 787 317 870; x_wconf 87' lang='lat' dir='ltr'>linquant,</span> <span class='ocrx_word' id='word_1_25' title='bbox 341 787 369 850; x_wconf 91' lang='lat' dir='ltr'>si</span> <span class='ocrx_word' id='word_1_26' title='bbox 391 786 496 850; x_wconf 86' lang='lat' dir='ltr'>tamen</span> <span class='ocrx_word' id='word_1_27' title='bbox 517 785 551 849; x_wconf 92' lang='lat' dir='ltr'>id</span> <span class='ocrx_word' id='word_1_28' title='bbox 573 786 676 866; x_wconf 90' lang='lat' dir='ltr'>ipsum</span> <span class='ocrx_word' id='word_1_29' title='bbox 698 782 830 848; x_wconf 83' lang='grc'><strong>11111111</strong></span> <span class='ocrx_word' id='word_1_30' title='bbox 852 786 957 848; x_wconf 88' lang='lat' dir='ltr'>tamen</span> <span class='ocrx_word' id='word_1_31' title='bbox 977 783 1108 846; x_wconf 87' lang='lat' dir='ltr'>sanctis:</span> <span class='ocrx_word' id='word_1_32' title='bbox 1133 783 1198 846; x_wconf 91' lang='lat' dir='ltr'>esto</span> <span class='ocrx_word' id='word_1_33' title='bbox 1216 801 1293 866; x_wconf 91' lang='lat' dir='ltr'>quo·</span> 
     </span>
     <span class='ocr_line' id='line_1_5' title="bbox 163 885 1294 972; baseline -0.001 -21"><span class='ocrx_word' id='word_1_34' title='bbox 163 909 222 972; x_wconf 89' lang='lat' dir='ltr'>que</span> <span class='ocrx_word' id='word_1_35' title='bbox 256 887 376 972; x_wconf 83' lang='lat' dir='ltr'>ignosci</span> <span class='ocrx_word' id='word_1_36' title='bbox 409 888 517 971; x_wconf 90' lang='lat' dir='ltr'>possit,</span> <span class='ocrx_word' id='word_1_37' title='bbox 554 888 581 952; x_wconf 91' lang='lat' dir='ltr'>si</span> <span class='ocrx_word' id='word_1_38' title='bbox 611 887 708 952; x_wconf 89' lang='lat' dir='ltr'>etiam</span> <span class='ocrx_word' id='word_1_39' title='bbox 736 886 829 952; x_wconf 88' lang='lat' dir='ltr'>malis</span> <span class='ocrx_word' id='word_1_40' title='bbox 858 886 1007 967; x_wconf 84' lang='lat' dir='ltr'>quiddam</span> <span class='ocrx_word' id='word_1_41' title='bbox 1036 887 1128 968; x_wconf 90' lang='lat' dir='ltr'>atque</span> <span class='ocrx_word' id='word_1_42' title='bbox 1160 885 1294 953; x_wconf 86' lang='lat' dir='ltr'>uitiosis.</span> 
     </span>
     <span class='ocr_line' id='line_1_6' title="bbox 140 988 1293 1074; baseline 0 -18"><span class='ocrx_word' id='word_1_43' title='bbox 140 992 275 1057; x_wconf 81' lang='lat' dir='ltr'>shabere</span> <span class='ocrx_word' id='word_1_44' title='bbox 298 992 437 1074; x_wconf 91' lang='lat' dir='ltr'>aliquam</span> <span class='ocrx_word' id='word_1_45' title='bbox 460 989 668 1058; x_wconf 83' lang='lat' dir='ltr'>excusationis</span> <span class='ocrx_word' id='word_1_46' title='bbox 692 988 826 1072; x_wconf 90' lang='lat' dir='ltr'>speciem</span> <span class='ocrx_word' id='word_1_47' title='bbox 848 989 994 1052; x_wconf 89' lang='lat' dir='ltr'>uidentur</span> <span class='ocrx_word' id='word_1_48' title='bbox 1012 988 1169 1054; x_wconf 89' lang='lat' dir='ltr'>diceutes:</span> <span class='ocrx_word' id='word_1_49' title='bbox 1191 989 1293 1071; x_wconf 85' lang='grc'><strong>111111</strong></span> 
     </span>
     <span class='ocr_line' id='line_1_7' title="bbox 161 1092 1293 1178; baseline -0.002 -20"><span class='ocrx_word' id='word_1_50' title='bbox 161 1095 242 1160; x_wconf 87' lang='lat' dir='ltr'>uicit</span> <span class='ocrx_word' id='word_1_51' title='bbox 264 1095 313 1160; x_wconf 92' lang='lat' dir='ltr'>uis</span> <span class='ocrx_word' id='word_1_52' title='bbox 337 1095 495 1178; x_wconf 86' lang='lat' dir='ltr'>sanguinis</span> <span class='ocrx_word' id='word_1_53' title='bbox 519 1094 658 1176; x_wconf 79' lang='lat' dir='ltr'>conpulit</span> <span class='ocrx_word' id='word_1_54' title='bbox 681 1098 793 1158; x_wconf 88' lang='lat' dir='ltr'>natura</span> <span class='ocrx_word' id='word_1_55' title='bbox 816 1093 885 1176; x_wconf 90' lang='lat' dir='ltr'>ipsa</span> <span class='ocrx_word' id='word_1_56' title='bbox 900 1092 989 1173; x_wconf 91' lang='lat' dir='ltr'>quasi</span> <span class='ocrx_word' id='word_1_57' title='bbox 1005 1092 1119 1158; x_wconf 88' lang='lat' dir='ltr'>amoris</span> <span class='ocrx_word' id='word_1_58' title='bbox 1142 1111 1237 1156; x_wconf 89' lang='lat' dir='ltr'>manu</span> <span class='ocrx_word' id='word_1_59' title='bbox 1260 1093 1293 1157; x_wconf 91' lang='lat' dir='ltr'>in</span> 
     </span>
     <span class='ocr_line' id='line_1_8' title="bbox 161 1196 1294 1280; baseline -0.002 -18"><span class='ocrx_word' id='word_1_60' title='bbox 161 1201 210 1262; x_wconf 91' lang='lat' dir='ltr'>ius</span> <span class='ocrx_word' id='word_1_61' title='bbox 232 1217 323 1264; x_wconf 88' lang='lat' dir='ltr'>suum</span> <span class='ocrx_word' id='word_1_62' title='bbox 346 1197 453 1263; x_wconf 84' lang='lat' dir='ltr'>traxit.</span> <span class='ocrx_word' id='word_1_63' title='bbox 488 1199 637 1264; x_wconf 92' lang='lat' dir='ltr'>sciuimus</span> <span class='ocrx_word' id='word_1_64' title='bbox 661 1197 735 1280; x_wconf 92' lang='lat' dir='ltr'>quid</span> <span class='ocrx_word' id='word_1_65' title='bbox 752 1196 876 1262; x_wconf 88' lang='lat' dir='ltr'>iust&#39;tia</span> <span class='ocrx_word' id='word_1_66' title='bbox 891 1197 939 1262; x_wconf 89' lang='lat' dir='ltr'>dei</span> <span class='ocrx_word' id='word_1_67' title='bbox 955 1199 1097 1279; x_wconf 88' lang='lat' dir='ltr'>posceret</span> <span class='ocrx_word' id='word_1_68' title='bbox 1112 1197 1187 1279; x_wconf 90' lang='lat' dir='ltr'>quid</span> <span class='ocrx_word' id='word_1_69' title='bbox 1204 1213 1294 1260; x_wconf 89' lang='lat' dir='ltr'>sacra</span> 
     </span>
     <span class='ocr_line' id='line_1_9' title="bbox 162 1299 1294 1382; baseline -0.001 -18"><span class='ocrx_word' id='word_1_70' title='bbox 162 1302 278 1366; x_wconf 87' lang='lat' dir='ltr'>ueritas</span> <span class='ocrx_word' id='word_1_71' title='bbox 295 1301 478 1382; x_wconf 88' lang='lat' dir='ltr'>postularet,</span> <span class='ocrx_word' id='word_1_72' title='bbox 502 1301 553 1367; x_wconf 88' lang='lat' dir='ltr'>sed</span> <span class='ocrx_word' id='word_1_73' title='bbox 570 1301 702 1376; x_wconf 81' lang='lat' dir='ltr'>subacti,</span> <span class='ocrx_word' id='word_1_74' title='bbox 726 1300 871 1377; x_wconf 84' lang='lat' dir='ltr'>fatemur,</span> <span class='ocrx_word' id='word_1_75' title='bbox 896 1317 1003 1365; x_wconf 89' lang='lat' dir='ltr'>sumus</span> <span class='ocrx_word' id='word_1_76' title='bbox 1022 1299 1095 1382; x_wconf 86' lang='lat' dir='ltr'>iugo</span> <span class='ocrx_word' id='word_1_77' title='bbox 1112 1300 1294 1364; x_wconf 78' lang='lat' dir='ltr'>incarnatae</span> 
     </span>
     <span class='ocr_line' id='line_1_10' title="bbox 162 1403 1291 1487; baseline -0.002 -17"><span class='ocrx_word' id='word_1_78' title='bbox 162 1405 401 1470; x_wconf 84' lang='lat' dir='ltr'>necessitudinis</span> <span class='ocrx_word' id='word_1_79' title='bbox 431 1408 462 1469; x_wconf 87' lang='lat' dir='ltr'>et</span> <span class='ocrx_word' id='word_1_80' title='bbox 492 1404 633 1470; x_wconf 87' lang='lat' dir='ltr'>dedimus</span> <span class='ocrx_word' id='word_1_81' title='bbox 664 1403 804 1487; x_wconf 86' lang='lat' dir='ltr'>captiuas</span> <span class='ocrx_word' id='word_1_82' title='bbox 833 1422 944 1468; x_wconf 88' lang='lat' dir='ltr'>manus</span> <span class='ocrx_word' id='word_1_83' title='bbox 974 1403 1110 1468; x_wconf 88' lang='lat' dir='ltr'>uinculis</span> <span class='ocrx_word' id='word_1_84' title='bbox 1134 1404 1291 1478; x_wconf 67' lang='lat' dir='ltr'>caritatis,</span> 
     </span>
     <span class='ocr_line' id='line_1_11' title="bbox 126 1505 1293 1592; baseline -0.002 -19"><span class='ocrx_word' id='word_1_85' title='bbox 126 1535 154 1573; x_wconf 87' lang='lat'>10</span> <span class='ocrx_word' id='word_1_86' title='bbox 163 1509 256 1573; x_wconf 89' lang='lat' dir='ltr'>cessit</span> <span class='ocrx_word' id='word_1_87' title='bbox 289 1509 433 1592; x_wconf 90' lang='lat' dir='ltr'>sanguini</span> <span class='ocrx_word' id='word_1_88' title='bbox 467 1508 543 1573; x_wconf 88' lang='lat' dir='ltr'>fides</span> <span class='ocrx_word' id='word_1_89' title='bbox 572 1509 604 1570; x_wconf 87' lang='lat' dir='ltr'>et</span> <span class='ocrx_word' id='word_1_90' title='bbox 625 1508 771 1572; x_wconf 89' lang='lat' dir='ltr'>uicerunt</span> <span class='ocrx_word' id='word_1_91' title='bbox 804 1507 1004 1572; x_wconf 89' lang='lat' dir='ltr'>deuotionem</span> <span class='ocrx_word' id='word_1_92' title='bbox 1036 1505 1197 1588; x_wconf 90' lang='lat' dir='ltr'>religionis</span> <span class='ocrx_word' id='word_1_93' title='bbox 1226 1510 1293 1571; x_wconf 89' lang='lat' dir='ltr'>iura</span> 
     </span>
     <span class='ocr_line' id='line_1_12' title="bbox 162 1609 1344 1694; baseline 0.004 -20"><span class='ocrx_word' id='word_1_94' title='bbox 162 1611 303 1693; x_wconf 89' lang='lat' dir='ltr'>pietatis.</span> <span class='ocrx_word' id='word_1_95' title='bbox 333 1612 395 1675; x_wconf 86' lang='lat' dir='ltr'>dici</span> <span class='ocrx_word' id='word_1_96' title='bbox 411 1611 528 1693; x_wconf 88' lang='lat' dir='ltr'>aliquid</span> <span class='ocrx_word' id='word_1_97' title='bbox 549 1612 662 1693; x_wconf 87' lang='lat' dir='ltr'>potest,</span> <span class='ocrx_word' id='word_1_98' title='bbox 687 1612 813 1674; x_wconf 91' lang='lat' dir='ltr'>tametsi</span> <span class='ocrx_word' id='word_1_99' title='bbox 829 1609 998 1674; x_wconf 87' lang='lat' dir='ltr'>salubriter</span> <span class='ocrx_word' id='word_1_100' title='bbox 1015 1609 1077 1674; x_wconf 90' lang='lat' dir='ltr'>dici</span> <span class='ocrx_word' id='word_1_101' title='bbox 1092 1627 1153 1676; x_wconf 88' lang='lat' dir='ltr'>non</span> <span class='ocrx_word' id='word_1_102' title='bbox 1169 1611 1291 1694; x_wconf 88' lang='lat' dir='ltr'>potest:</span> <span class='ocrx_word' id='word_1_103' title='bbox 1325 1614 1344 1679; x_wconf 93' lang='lat'><em>8</em></span> 
     </span>
     <span class='ocr_line' id='line_1_13' title="bbox 163 1712 1292 1796; baseline -0.003 -18"><span class='ocrx_word' id='word_1_104' title='bbox 163 1719 211 1778; x_wconf 91' lang='lat' dir='ltr'>est</span> <span class='ocrx_word' id='word_1_105' title='bbox 244 1716 356 1779; x_wconf 90' lang='lat' dir='ltr'>umbra</span> <span class='ocrx_word' id='word_1_106' title='bbox 392 1713 663 1779; x_wconf 82' lang='lat' dir='ltr'>excusatiunculas</span> <span class='ocrx_word' id='word_1_107' title='bbox 700 1731 760 1776; x_wconf 93' lang='lat' dir='ltr'>non</span> <span class='ocrx_word' id='word_1_108' title='bbox 794 1730 949 1790; x_wconf 82' lang='lat' dir='ltr'>excusans,</span> <span class='ocrx_word' id='word_1_109' title='bbox 987 1713 1064 1777; x_wconf 85' lang='lat' dir='ltr'>daus</span> <span class='ocrx_word' id='word_1_110' title='bbox 1100 1730 1150 1776; x_wconf 93' lang='lat' dir='ltr'>reo</span> <span class='ocrx_word' id='word_1_111' title='bbox 1185 1712 1292 1796; x_wconf 90' lang='lat' dir='ltr'>depre-</span> 
     </span>
     <span class='ocr_line' id='line_1_14' title="bbox 164 1815 1292 1901; baseline -0.002 -19"><span class='ocrx_word' id='word_1_112' title='bbox 164 1817 361 1882; x_wconf 90' lang='lat' dir='ltr'>catiunculae</span> <span class='ocrx_word' id='word_1_113' title='bbox 384 1819 518 1901; x_wconf 90' lang='lat' dir='ltr'>speciem</span> <span class='ocrx_word' id='word_1_114' title='bbox 542 1835 603 1880; x_wconf 89' lang='lat' dir='ltr'>non</span> <span class='ocrx_word' id='word_1_115' title='bbox 625 1819 730 1880; x_wconf 88' lang='lat' dir='ltr'>reatus</span> <span class='ocrx_word' id='word_1_116' title='bbox 753 1815 958 1881; x_wconf 87' lang='lat' dir='ltr'>securitatem.</span> <span class='ocrx_word' id='word_1_117' title='bbox 990 1834 1185 1898; x_wconf 88' lang='lat' dir='ltr'>nequaquam</span> <span class='ocrx_word' id='word_1_118' title='bbox 1209 1815 1292 1881; x_wconf 90' lang='lat' dir='ltr'>enim</span> 
     </span>
     <span class='ocr_line' id='line_1_15' title="bbox 162 1919 1291 2004; baseline 0.001 -21"><span class='ocrx_word' id='word_1_119' title='bbox 162 1922 194 1984; x_wconf 92' lang='lat' dir='ltr'>id</span> <span class='ocrx_word' id='word_1_120' title='bbox 217 1921 276 1985; x_wconf 91' lang='lat' dir='ltr'>ulli</span> <span class='ocrx_word' id='word_1_121' title='bbox 299 1923 442 2004; x_wconf 87' lang='lat' dir='ltr'>spondeo,</span> <span class='ocrx_word' id='word_1_122' title='bbox 467 1921 549 2002; x_wconf 90' lang='lat' dir='ltr'>quod</span> <span class='ocrx_word' id='word_1_123' title='bbox 571 1920 669 2000; x_wconf 91' lang='lat' dir='ltr'>possit</span> <span class='ocrx_word' id='word_1_124' title='bbox 692 1919 859 1984; x_wconf 90' lang='lat' dir='ltr'>cuiuslibet</span> <span class='ocrx_word' id='word_1_125' title='bbox 875 1919 921 1986; x_wconf 91' lang='lat' dir='ltr'>rci</span> <span class='ocrx_word' id='word_1_126' title='bbox 936 1919 1063 1985; x_wconf 89' lang='lat' dir='ltr'>firmum</span> <span class='ocrx_word' id='word_1_127' title='bbox 1078 1920 1192 1984; x_wconf 89' lang='lat' dir='ltr'>habere</span> <span class='ocrx_word' id='word_1_128' title='bbox 1214 1919 1291 1984; x_wconf 92' lang='lat' dir='ltr'>sub·</span> 
     </span>
     <span class='ocr_line' id='line_1_16' title="bbox 126 2022 1292 2107; baseline 0 -19"><span class='ocrx_word' id='word_1_129' title='bbox 126 2025 279 2090; x_wconf 75' lang='lat' dir='ltr'>residium</span> <span class='ocrx_word' id='word_1_130' title='bbox 303 2023 355 2107; x_wconf 91' lang='lat' dir='ltr'>qui</span> <span class='ocrx_word' id='word_1_131' title='bbox 379 2024 498 2106; x_wconf 92' lang='lat' dir='ltr'>aliquid</span> <span class='ocrx_word' id='word_1_132' title='bbox 521 2023 590 2106; x_wconf 90' lang='lat' dir='ltr'>plus</span> <span class='ocrx_word' id='word_1_133' title='bbox 607 2022 761 2088; x_wconf 88' lang='lat' dir='ltr'>amausrit</span> <span class='ocrx_word' id='word_1_134' title='bbox 778 2042 871 2105; x_wconf 91' lang='lat' dir='ltr'>quam</span> <span class='ocrx_word' id='word_1_135' title='bbox 887 2023 991 2099; x_wconf 89' lang='lat' dir='ltr'>deum,</span> <span class='ocrx_word' id='word_1_136' title='bbox 1015 2023 1188 2087; x_wconf 89' lang='lat' dir='ltr'>secundum</span> <span class='ocrx_word' id='word_1_137' title='bbox 1202 2024 1292 2098; x_wconf 89' lang='lat' dir='ltr'>illud,</span> 
     </span>
     <span class='ocr_line' id='line_1_17' title="bbox 164 2126 1295 2209; baseline 0.001 -18"><span class='ocrx_word' id='word_1_138' title='bbox 164 2129 245 2209; x_wconf 92' lang='lat' dir='ltr'>quod</span> <span class='ocrx_word' id='word_1_139' title='bbox 269 2128 421 2209; x_wconf 88' lang='lat' dir='ltr'>scriptum</span> <span class='ocrx_word' id='word_1_140' title='bbox 445 2129 502 2204; x_wconf 90' lang='lat' dir='ltr'>est,</span> <span class='ocrx_word' id='word_1_141' title='bbox 526 2128 558 2189; x_wconf 92' lang='lat' dir='ltr'>in</span> <span class='ocrx_word' id='word_1_142' title='bbox 577 2127 634 2194; x_wconf 89' lang='lat' dir='ltr'>hoc</span> <span class='ocrx_word' id='word_1_143' title='bbox 648 2126 790 2190; x_wconf 89' lang='lat' dir='ltr'>futurum</span> <span class='ocrx_word' id='word_1_144' title='bbox 806 2145 870 2190; x_wconf 89' lang='lat' dir='ltr'>esse</span> <span class='ocrx_word' id='word_1_145' title='bbox 886 2126 1050 2206; x_wconf 90' lang='lat' dir='ltr'>iudicium,</span> <span class='ocrx_word' id='word_1_146' title='bbox 1075 2127 1157 2208; x_wconf 91' lang='lat' dir='ltr'>quod</span> <span class='ocrx_word' id='word_1_147' title='bbox 1172 2129 1295 2192; x_wconf 90' lang='lat' dir='ltr'>uenerit</span> 
     </span>
     <span class='ocr_line' id='line_1_18' title="bbox 162 2229 1293 2312; baseline 0 -18"><span class='ocrx_word' id='word_1_148' title='bbox 162 2231 217 2295; x_wconf 85' lang='lat' dir='ltr'>lux</span> <span class='ocrx_word' id='word_1_149' title='bbox 243 2231 277 2294; x_wconf 91' lang='lat' dir='ltr'>in</span> <span class='ocrx_word' id='word_1_150' title='bbox 307 2231 389 2295; x_wconf 88' lang='lat' dir='ltr'>hunc</span> <span class='ocrx_word' id='word_1_151' title='bbox 418 2232 568 2294; x_wconf 91' lang='lat' dir='ltr'>muudum</span> <span class='ocrx_word' id='word_1_152' title='bbox 598 2235 628 2294; x_wconf 90' lang='lat' dir='ltr'>et</span> <span class='ocrx_word' id='word_1_153' title='bbox 656 2229 822 2294; x_wconf 81' lang='lat' dir='ltr'>dilexerint</span> <span class='ocrx_word' id='word_1_154' title='bbox 849 2229 989 2293; x_wconf 90' lang='lat' dir='ltr'>homiues</span> <span class='ocrx_word' id='word_1_155' title='bbox 1021 2233 1121 2312; x_wconf 84' lang='lat' dir='ltr'>magis</span> <span class='ocrx_word' id='word_1_156' title='bbox 1151 2231 1293 2296; x_wconf 87' lang='lat' dir='ltr'>tenebras</span> 
     </span>
     <span class='ocr_line' id='line_1_19' title="bbox 163 2332 1292 2415; baseline -0.001 -18"><span class='ocrx_word' id='word_1_157' title='bbox 163 2351 257 2415; x_wconf 90' lang='lat' dir='ltr'>quam</span> <span class='ocrx_word' id='word_1_158' title='bbox 291 2333 401 2397; x_wconf 88' lang='lat' dir='ltr'>lucem.</span> <span class='ocrx_word' id='word_1_159' title='bbox 440 2332 557 2397; x_wconf 93' lang='lat' dir='ltr'>nemini</span> <span class='ocrx_word' id='word_1_160' title='bbox 592 2333 673 2396; x_wconf 89' lang='lat' dir='ltr'>enim</span> <span class='ocrx_word' id='word_1_161' title='bbox 708 2335 837 2397; x_wconf 91' lang='lat' dir='ltr'>dubium</span> <span class='ocrx_word' id='word_1_162' title='bbox 870 2334 918 2396; x_wconf 91' lang='lat' dir='ltr'>est</span> <span class='ocrx_word' id='word_1_163' title='bbox 951 2333 1055 2396; x_wconf 90' lang='lat' dir='ltr'>totum</span> <span class='ocrx_word' id='word_1_164' title='bbox 1085 2335 1116 2398; x_wconf 93' lang='lat' dir='ltr'>id</span> <span class='ocrx_word' id='word_1_165' title='bbox 1149 2333 1292 2397; x_wconf 84' lang='lat' dir='ltr'>tenebras</span> 
     </span>
     <span class='ocr_line' id='line_1_20' title="bbox 163 2435 1293 2519; baseline 0 -17"><span class='ocrx_word' id='word_1_166' title='bbox 163 2439 305 2502; x_wconf 86' lang='lat' dir='ltr'>futurum</span> <span class='ocrx_word' id='word_1_167' title='bbox 335 2437 463 2512; x_wconf 90' lang='lat' dir='ltr'>homini,</span> <span class='ocrx_word' id='word_1_168' title='bbox 497 2437 647 2519; x_wconf 91' lang='lat' dir='ltr'>quidquid</span> <span class='ocrx_word' id='word_1_169' title='bbox 676 2436 800 2499; x_wconf 89' lang='lat' dir='ltr'>diuinae</span> <span class='ocrx_word' id='word_1_170' title='bbox 829 2435 1014 2518; x_wconf 89' lang='lat' dir='ltr'>praetulerit</span> <span class='ocrx_word' id='word_1_171' title='bbox 1044 2435 1178 2502; x_wconf 90' lang='lat' dir='ltr'>caritati.</span> <span class='ocrx_word' id='word_1_172' title='bbox 1217 2437 1293 2502; x_wconf 88' lang='lat' dir='ltr'>haec</span> 
     </span>
     <span class='ocr_line' id='line_1_21' title="bbox 126 2538 1346 2624; baseline -0.002 -19"><span class='ocrx_word' id='word_1_173' title='bbox 126 2559 236 2624; x_wconf 72' lang='lat' dir='ltr'>mergo</span> <span class='ocrx_word' id='word_1_174' title='bbox 265 2539 311 2604; x_wconf 88' lang='lat' dir='ltr'>ita</span> <span class='ocrx_word' id='word_1_175' title='bbox 339 2542 422 2604; x_wconf 88' lang='lat' dir='ltr'>snut.</span> <span class='ocrx_word' id='word_1_176' title='bbox 460 2539 514 2603; x_wconf 90' lang='lat' dir='ltr'>scd</span> <span class='ocrx_word' id='word_1_177' title='bbox 544 2543 620 2616; x_wconf 87' lang='grc'><strong>1111,</strong></span> <span class='ocrx_word' id='word_1_178' title='bbox 648 2539 686 2602; x_wconf 89' lang='lat' dir='ltr'>ut</span> <span class='ocrx_word' id='word_1_179' title='bbox 708 2539 781 2621; x_wconf 84' lang='lat' dir='ltr'>dixi,</span> <span class='ocrx_word' id='word_1_180' title='bbox 810 2538 966 2620; x_wconf 86' lang='lat' dir='ltr'>indulgeri</span> <span class='ocrx_word' id='word_1_181' title='bbox 990 2540 1171 2620; x_wconf 89' lang='lat' dir='ltr'>parentibus</span> <span class='ocrx_word' id='word_1_182' title='bbox 1193 2542 1293 2622; x_wconf 88' lang='lat' dir='ltr'>possit</span> <span class='ocrx_word' id='word_1_183' title='bbox 1326 2545 1346 2610; x_wconf 88' lang='grc'>9</span> 
     </span>
     <span class='ocr_line' id='line_1_22' title="bbox 163 2641 1294 2725; baseline 0 -17"><span class='ocrx_word' id='word_1_184' title='bbox 163 2649 293 2709; x_wconf 89' lang='lat' dir='ltr'>naturae</span> <span class='ocrx_word' id='word_1_185' title='bbox 317 2643 520 2708; x_wconf 89' lang='lat' dir='ltr'>insalubriter</span> <span class='ocrx_word' id='word_1_186' title='bbox 543 2641 791 2724; x_wconf 86' lang='lat' dir='ltr'>indulgentibus.</span> <span class='ocrx_word' id='word_1_187' title='bbox 830 2643 904 2724; x_wconf 91' lang='lat' dir='ltr'>quid</span> <span class='ocrx_word' id='word_1_188' title='bbox 936 2642 1016 2725; x_wconf 91' lang='lat' dir='ltr'>quod</span> <span class='ocrx_word' id='word_1_189' title='bbox 1039 2642 1190 2724; x_wconf 90' lang='lat' dir='ltr'>nonnulli,</span> <span class='ocrx_word' id='word_1_190' title='bbox 1215 2643 1294 2708; x_wconf 91' lang='lat' dir='ltr'>filios</span> 
     </span>
     <span class='ocr_line' id='line_1_23' title="bbox 163 2745 1293 2828; baseline -0.002 -16"><span class='ocrx_word' id='word_1_191' title='bbox 163 2766 224 2812; x_wconf 90' lang='lat' dir='ltr'>nou</span> <span class='ocrx_word' id='word_1_192' title='bbox 253 2748 418 2822; x_wconf 88' lang='lat' dir='ltr'>habentes,</span> <span class='ocrx_word' id='word_1_193' title='bbox 451 2764 469 2808; x_wconf 90' lang='lat' dir='ltr'>a</span> <span class='ocrx_word' id='word_1_194' title='bbox 497 2746 640 2828; x_wconf 89' lang='lat' dir='ltr'>respectu</span> <span class='ocrx_word' id='word_1_195' title='bbox 670 2765 702 2810; x_wconf 90' lang='lat' dir='ltr'>se</span> <span class='ocrx_word' id='word_1_196' title='bbox 730 2746 837 2810; x_wconf 89' lang='lat' dir='ltr'>tamen</span> <span class='ocrx_word' id='word_1_197' title='bbox 863 2746 974 2812; x_wconf 90' lang='lat' dir='ltr'>salutis</span> <span class='ocrx_word' id='word_1_198' title='bbox 1003 2763 1076 2810; x_wconf 92' lang='lat' dir='ltr'>suae</span> <span class='ocrx_word' id='word_1_199' title='bbox 1104 2746 1136 2809; x_wconf 90' lang='lat' dir='ltr'>et</span> <span class='ocrx_word' id='word_1_200' title='bbox 1157 2745 1293 2810; x_wconf 90' lang='lat' dir='ltr'>remedio</span> 
     </span>
     <span class='ocr_line' id='line_1_24' title="bbox 163 2835 1295 2932; baseline -0.001 -18"><span class='ocrx_word' id='word_1_201' title='bbox 163 2852 360 2932; x_wconf 86' lang='lat' dir='ltr'>peccatorum</span> <span class='ocrx_word' id='word_1_202' title='bbox 393 2849 519 2930; x_wconf 90' lang='lat' dir='ltr'>penitus</span> <span class='ocrx_word' id='word_1_203' title='bbox 554 2835 712 2927; x_wconf 88' lang='lat' dir='ltr'>auertunt,</span> <span class='ocrx_word' id='word_1_204' title='bbox 748 2865 784 2912; x_wconf 91' lang='lat' dir='ltr'>ac</span> <span class='ocrx_word' id='word_1_205' title='bbox 812 2847 888 2912; x_wconf 91' lang='lat' dir='ltr'>licet</span> <span class='ocrx_word' id='word_1_206' title='bbox 915 2849 1033 2913; x_wconf 90' lang='lat' dir='ltr'>semiue</span> <span class='ocrx_word' id='word_1_207' title='bbox 1062 2850 1222 2932; x_wconf 85' lang='lat' dir='ltr'>sanguinis</span> <span class='ocrx_word' id='word_1_208' title='bbox 1245 2847 1295 2913; x_wconf 89' lang='lat' dir='ltr'>sui</span> 
     </span>
     <span class='ocr_line' id='line_1_25' title="bbox 164 2951 1294 3035; baseline 0 -18"><span class='ocrx_word' id='word_1_209' title='bbox 164 2955 300 3032; x_wconf 86' lang='lat' dir='ltr'>careant,</span> <span class='ocrx_word' id='word_1_210' title='bbox 324 2951 479 3034; x_wconf 89' lang='lat' dir='ltr'>quaerunt</span> <span class='ocrx_word' id='word_1_211' title='bbox 494 2955 601 3016; x_wconf 88' lang='lat' dir='ltr'>tamen</span> <span class='ocrx_word' id='word_1_212' title='bbox 617 2969 826 3034; x_wconf 89' lang='lat' dir='ltr'>quoscumque</span> <span class='ocrx_word' id='word_1_213' title='bbox 842 2951 930 3034; x_wconf 90' lang='lat' dir='ltr'>alios,</span> <span class='ocrx_word' id='word_1_214' title='bbox 955 2951 1066 3035; x_wconf 92' lang='lat' dir='ltr'>quibus</span> <span class='ocrx_word' id='word_1_215' title='bbox 1082 2953 1294 3017; x_wconf 88' lang='lat' dir='ltr'>substantiam</span> 
     </span>
     <span class='ocr_line' id='line_1_26' title="bbox 127 3055 1294 3138; baseline -0.001 -19"><span class='ocrx_word' id='word_1_216' title='bbox 127 3055 306 3138; x_wconf 77' lang='grc'><strong>1111111111</strong></span> <span class='ocrx_word' id='word_1_217' title='bbox 330 3056 492 3123; x_wconf 87' lang='lat' dir='ltr'>facultatis</span> <span class='ocrx_word' id='word_1_218' title='bbox 516 3056 672 3135; x_wconf 88' lang='lat' dir='ltr'>addicant,</span> <span class='ocrx_word' id='word_1_219' title='bbox 705 3055 736 3119; x_wconf 93' lang='lat' dir='ltr'>id</span> <span class='ocrx_word' id='word_1_220' title='bbox 760 3056 816 3134; x_wconf 90' lang='lat' dir='ltr'>est,</span> <span class='ocrx_word' id='word_1_221' title='bbox 842 3057 954 3138; x_wconf 89' lang='lat' dir='ltr'>quibus</span> <span class='ocrx_word' id='word_1_222' title='bbox 977 3055 1147 3122; x_wconf 90' lang='lat' dir='ltr'>umbratile</span> <span class='ocrx_word' id='word_1_223' title='bbox 1169 3055 1294 3136; x_wconf 89' lang='lat' dir='ltr'>aliquod</span> 
     </span>
     <span class='ocr_line' id='line_1_27' title="bbox 163 3159 1292 3242; baseline 0 -20"><span class='ocrx_word' id='word_1_224' title='bbox 163 3159 407 3242; x_wconf 89' lang='lat' dir='ltr'>propinquitatis</span> <span class='ocrx_word' id='word_1_225' title='bbox 440 3179 551 3224; x_wconf 90' lang='lat' dir='ltr'>nomen</span> <span class='ocrx_word' id='word_1_226' title='bbox 586 3159 769 3238; x_wconf 84' lang='lat' dir='ltr'>inscribant,</span> <span class='ocrx_word' id='word_1_227' title='bbox 805 3179 880 3242; x_wconf 92' lang='lat' dir='ltr'>quos</span> <span class='ocrx_word' id='word_1_228' title='bbox 915 3159 974 3223; x_wconf 90' lang='lat' dir='ltr'>sibi</span> <span class='ocrx_word' id='word_1_229' title='bbox 1010 3159 1100 3240; x_wconf 89' lang='lat' dir='ltr'>quasi</span> <span class='ocrx_word' id='word_1_230' title='bbox 1129 3160 1292 3241; x_wconf 89' lang='lat' dir='ltr'>adoptiuos</span> 
     </span>
     <span class='ocr_line' id='line_1_28' title="bbox 164 3263 1293 3346; baseline -0.001 -20"><span class='ocrx_word' id='word_1_231' title='bbox 164 3264 345 3344; x_wconf 88' lang='lat' dir='ltr'>imaginarii</span> <span class='ocrx_word' id='word_1_232' title='bbox 367 3265 512 3346; x_wconf 87' lang='lat' dir='ltr'>parentes</span> <span class='ocrx_word' id='word_1_233' title='bbox 535 3263 617 3327; x_wconf 91' lang='lat' dir='ltr'>filios</span> <span class='ocrx_word' id='word_1_234' title='bbox 640 3263 770 3339; x_wconf 88' lang='lat' dir='ltr'>iaciant,</span> <span class='ocrx_word' id='word_1_235' title='bbox 793 3265 828 3326; x_wconf 90' lang='lat' dir='ltr'>ut</span> <span class='ocrx_word' id='word_1_236' title='bbox 848 3263 999 3328; x_wconf 88' lang='lat' dir='ltr'>inlocum</span> <span class='ocrx_word' id='word_1_237' title='bbox 1016 3281 1121 3327; x_wconf 92' lang='lat' dir='ltr'>sorum</span> <span class='ocrx_word' id='word_1_238' title='bbox 1139 3279 1293 3346; x_wconf 88' lang='lat' dir='ltr'>quaenon</span> 
     </span>
     <span class='ocr_line' id='line_1_29' title="bbox 164 3365 1347 3451; baseline 0.001 -21"><span class='ocrx_word' id='word_1_239' title='bbox 164 3368 238 3431; x_wconf 90' lang='lat' dir='ltr'>sunt</span> <span class='ocrx_word' id='word_1_240' title='bbox 261 3367 428 3450; x_wconf 85' lang='lat' dir='ltr'>pignorum</span> <span class='ocrx_word' id='word_1_241' title='bbox 450 3366 578 3448; x_wconf 89' lang='lat' dir='ltr'>perfidia</span> <span class='ocrx_word' id='word_1_242' title='bbox 601 3371 768 3451; x_wconf 86' lang='lat' dir='ltr'>generante</span> <span class='ocrx_word' id='word_1_243' title='bbox 791 3367 966 3432; x_wconf 85' lang='lat' dir='ltr'>succedant.</span> <span class='ocrx_word' id='word_1_244' title='bbox 998 3385 1034 3430; x_wconf 91' lang='lat' dir='ltr'>ao</span> <span class='ocrx_word' id='word_1_245' title='bbox 1056 3367 1100 3430; x_wconf 89' lang='lat' dir='ltr'>sic</span> <span class='ocrx_word' id='word_1_246' title='bbox 1123 3365 1294 3431; x_wconf 87' lang='lat' dir='ltr'>miserrimi</span> <span class='ocrx_word' id='word_1_247' title='bbox 1307 3367 1347 3432; x_wconf 87' lang='lat'>10</span> 
     </span>
     <span class='ocr_line' id='line_1_30' title="bbox 164 3469 1292 3553; baseline -0.002 -19"><span class='ocrx_word' id='word_1_248' title='bbox 164 3471 278 3552; x_wconf 89' lang='lat' dir='ltr'>quiquo</span> <span class='ocrx_word' id='word_1_249' title='bbox 302 3473 332 3535; x_wconf 91' lang='grc'>11</span> <span class='ocrx_word' id='word_1_250' title='bbox 355 3471 537 3553; x_wconf 77' lang='lat' dir='ltr'>impiissimi,</span> <span class='ocrx_word' id='word_1_251' title='bbox 562 3489 632 3534; x_wconf 91' lang='lat' dir='ltr'>cum</span> <span class='ocrx_word' id='word_1_252' title='bbox 650 3470 786 3535; x_wconf 91' lang='lat' dir='ltr'>uinculis</span> <span class='ocrx_word' id='word_1_253' title='bbox 801 3469 939 3534; x_wconf 90' lang='lat' dir='ltr'>filiorum</span> <span class='ocrx_word' id='word_1_254' title='bbox 955 3487 1015 3534; x_wconf 91' lang='lat' dir='ltr'>uon</span> <span class='ocrx_word' id='word_1_255' title='bbox 1030 3469 1292 3551; x_wconf 85' lang='lat' dir='ltr'>constringantur,</span> 
     </span>
     <span class='ocr_line' id='line_1_31' title="bbox 125 3572 1293 3657; baseline 0.004 -24"><span class='ocrx_word' id='word_1_256' title='bbox 125 3573 225 3657; x_wconf 80' lang='lat' dir='ltr'>seipsi</span> <span class='ocrx_word' id='word_1_257' title='bbox 259 3577 362 3639; x_wconf 89' lang='lat' dir='ltr'>tamsu</span> <span class='ocrx_word' id='word_1_258' title='bbox 400 3572 461 3638; x_wconf 90' lang='lat' dir='ltr'>sibi</span> <span class='ocrx_word' id='word_1_259' title='bbox 494 3573 621 3639; x_wconf 90' lang='lat' dir='ltr'>uincula</span> <span class='ocrx_word' id='word_1_260' title='bbox 651 3576 773 3656; x_wconf 82' lang='lat' dir='ltr'>parant,</span> <span class='ocrx_word' id='word_1_261' title='bbox 807 3574 920 3655; x_wconf 91' lang='lat' dir='ltr'>quibus</span> <span class='ocrx_word' id='word_1_262' title='bbox 951 3573 1089 3638; x_wconf 85' lang='lat' dir='ltr'>infelicia</span> <span class='ocrx_word' id='word_1_263' title='bbox 1121 3575 1293 3638; x_wconf 88' lang='lat' dir='ltr'>animarum</span> 
     </span>
     <span class='ocr_line' id='line_1_32' title="bbox 164 3676 1293 3760; baseline -0.001 -19"><span class='ocrx_word' id='word_1_264' title='bbox 164 3696 291 3742; x_wconf 89' lang='lat' dir='ltr'>suarum</span> <span class='ocrx_word' id='word_1_265' title='bbox 314 3676 394 3743; x_wconf 90' lang='lat' dir='ltr'>colla</span> <span class='ocrx_word' id='word_1_266' title='bbox 410 3680 642 3760; x_wconf 88' lang='lat' dir='ltr'>constringant:</span> <span class='ocrx_word' id='word_1_267' title='bbox 667 3696 737 3743; x_wconf 90' lang='lat' dir='ltr'>cum</span> <span class='ocrx_word' id='word_1_268' title='bbox 753 3679 802 3741; x_wconf 90' lang='lat' dir='ltr'>uis</span> <span class='ocrx_word' id='word_1_269' title='bbox 821 3678 1061 3742; x_wconf 91' lang='lat' dir='ltr'>domesticorum</span> <span class='ocrx_word' id='word_1_270' title='bbox 1078 3677 1293 3741; x_wconf 89' lang='lat' dir='ltr'>discriminum</span> 
     </span>
    </p>
   </div>
   <div class='ocr_carea' id='block_1_3' title="bbox 266 3839 473 3905">
    <p class='ocr_par' dir='ltr' id='par_1_3' title="bbox 266 3839 473 3905">
     <span class='ocr_line' id='line_1_33' title="bbox 266 3839 473 3905; baseline -0.005 -10"><span class='ocrx_word' id='word_1_271' title='bbox 266 3842 299 3895; x_wconf 91' lang='grc'>16</span> <span class='ocrx_word' id='word_1_272' title='bbox 321 3839 377 3895; x_wconf 90' lang='grc'><strong>1111.</strong></span> <span class='ocrx_word' id='word_1_273' title='bbox 396 3841 421 3905; x_wconf 85' lang='grc'>3,</span> <span class='ocrx_word' id='word_1_274' title='bbox 440 3842 473 3894; x_wconf 88' lang='grc'>19</span> 
     </span>
    </p>
   </div>
   <div class='ocr_carea' id='block_1_4' title="bbox 162 3987 1292 4386">
    <p class='ocr_par' dir='ltr' id='par_1_4' title="bbox 162 3987 1292 4386">
     <span class='ocr_line' id='line_1_34' title="bbox 215 3987 1223 4063; baseline 0 -21"><span class='ocrx_word' id='word_1_275' title='bbox 215 3989 229 4042; x_wconf 95' lang='grc'>1</span> <span class='ocrx_word' id='word_1_276' title='bbox 259 3988 374 4056; x_wconf 91' lang='lat' dir='ltr'>reliquid</span> <span class='ocrx_word' id='word_1_277' title='bbox 402 3989 428 4043; x_wconf 91' lang='lat' dir='ltr'><strong><em>B</em></strong></span> <span class='ocrx_word' id='word_1_278' title='bbox 533 3989 566 4042; x_wconf 89' lang='lat'>10</span> <span class='ocrx_word' id='word_1_279' title='bbox 592 3987 657 4042; x_wconf 87' lang='lat' dir='ltr'>fides</span> <span class='ocrx_word' id='word_1_280' title='bbox 684 4004 718 4042; x_wconf 76' lang='grc'>111</span> <span class='ocrx_word' id='word_1_281' title='bbox 743 3987 805 4042; x_wconf 88' lang='lat' dir='ltr'>fidis</span> <span class='ocrx_word' id='word_1_282' title='bbox 833 4004 901 4042; x_wconf 84' lang='lat' dir='ltr'>corr.</span> <span class='ocrx_word' id='word_1_283' title='bbox 929 3991 1001 4041; x_wconf 79' lang='lat' dir='ltr'>rra2</span> <span class='ocrx_word' id='word_1_284' title='bbox 1027 3989 1055 4041; x_wconf 89' lang='lat' dir='ltr'><strong><em>A</em></strong></span> <span class='ocrx_word' id='word_1_285' title='bbox 1073 3994 1099 4041; x_wconf 87' lang='lat' dir='ltr'>et</span> <span class='ocrx_word' id='word_1_286' title='bbox 1117 3989 1143 4041; x_wconf 94' lang='lat' dir='ltr'><strong><em>B</em></strong></span> <span class='ocrx_word' id='word_1_287' title='bbox 1164 3989 1223 4063; x_wconf 73' lang='lat' dir='ltr'>(sic)</span> 
     </span>
     <span class='ocr_line' id='line_1_35' title="bbox 164 4074 1225 4144; baseline -0.003 -15"><span class='ocrx_word' id='word_1_288' title='bbox 164 4076 197 4130; x_wconf 82' lang='lat'>15</span> <span class='ocrx_word' id='word_1_289' title='bbox 215 4075 270 4144; x_wconf 89' lang='lat' dir='ltr'>qui]</span> <span class='ocrx_word' id='word_1_290' title='bbox 289 4077 313 4128; x_wconf 89' lang='grc'>11</span> <span class='ocrx_word' id='word_1_291' title='bbox 332 4075 372 4128; x_wconf 85' lang='lat' dir='ltr'>cd.</span> <span class='ocrx_word' id='word_1_292' title='bbox 391 4075 528 4128; x_wconf 76' lang='lat' dir='ltr'>Balearica</span> <span class='ocrx_word' id='word_1_293' title='bbox 621 4075 653 4130; x_wconf 87' lang='grc'>16</span> <span class='ocrx_word' id='word_1_294' title='bbox 671 4075 800 4128; x_wconf 89' lang='lat' dir='ltr'>iudicium</span> <span class='ocrx_word' id='word_1_295' title='bbox 820 4091 876 4128; x_wconf 90' lang='lat' dir='ltr'>esse</span> <span class='ocrx_word' id='word_1_296' title='bbox 893 4074 920 4128; x_wconf 94' lang='lat' dir='ltr'><em>B</em></span> <span class='ocrx_word' id='word_1_297' title='bbox 1014 4075 1044 4128; x_wconf 83' lang='grc'>11</span> <span class='ocrx_word' id='word_1_298' title='bbox 1063 4074 1179 4126; x_wconf 90' lang='lat' dir='ltr'>hominis</span> <span class='ocrx_word' id='word_1_299' title='bbox 1197 4074 1225 4126; x_wconf 92' lang='lat' dir='ltr'><strong><em>A</em></strong></span> 
     </span>
     <span class='ocr_line' id='line_1_36' title="bbox 162 4160 1292 4229; baseline 0 -15"><span class='ocrx_word' id='word_1_300' title='bbox 162 4161 196 4214; x_wconf 79' lang='lat'>26</span> <span class='ocrx_word' id='word_1_301' title='bbox 220 4176 271 4228; x_wconf 89' lang='lat' dir='ltr'>quo</span> <span class='ocrx_word' id='word_1_302' title='bbox 293 4161 451 4226; x_wconf 79' lang='lat' dir='ltr'>suspicatur</span> <span class='ocrx_word' id='word_1_303' title='bbox 473 4161 620 4214; x_wconf 80' lang='lat' dir='ltr'>Hortela&#39;aa</span> <span class='ocrx_word' id='word_1_304' title='bbox 723 4161 756 4214; x_wconf 84' lang='grc'>21</span> <span class='ocrx_word' id='word_1_305' title='bbox 780 4161 822 4229; x_wconf 82' lang='lat' dir='ltr'>ut]</span> <span class='ocrx_word' id='word_1_306' title='bbox 847 4161 1008 4214; x_wconf 71' lang='lat' dir='ltr'>Heraclius:</span> <span class='ocrx_word' id='word_1_307' title='bbox 1036 4165 1064 4213; x_wconf 90' lang='lat' dir='ltr'>et</span> <span class='ocrx_word' id='word_1_308' title='bbox 1081 4160 1292 4224; x_wconf 83' lang='lat' dir='ltr'>ABHalma&#39;as,·</span> 
     </span>
     <span class='ocr_line' id='line_1_37' title="bbox 162 4233 1292 4316; baseline 0.002 -18"><span class='ocrx_word' id='word_1_309' title='bbox 162 4247 221 4314; x_wconf 76' lang='lat' dir='ltr'>ipse</span> <span class='ocrx_word' id='word_1_310' title='bbox 242 4248 397 4314; x_wconf 79' lang='lat' dir='ltr'>suspicatos</span> <span class='ocrx_word' id='word_1_311' title='bbox 418 4233 497 4300; x_wconf 59' lang='lat' dir='ltr'>&#39;crem</span> <span class='ocrx_word' id='word_1_312' title='bbox 520 4248 567 4314; x_wconf 90' lang='lat' dir='ltr'>qui</span> <span class='ocrx_word' id='word_1_313' title='bbox 670 4247 705 4300; x_wconf 87' lang='lat'>30</span> <span class='ocrx_word' id='word_1_314' title='bbox 727 4247 838 4300; x_wconf 89' lang='lat' dir='ltr'>infilicia</span> <span class='ocrx_word' id='word_1_315' title='bbox 862 4253 887 4300; x_wconf 86' lang='grc'>11</span> <span class='ocrx_word' id='word_1_316' title='bbox 908 4248 1001 4300; x_wconf 81' lang='lat' dir='ltr'>statim</span> <span class='ocrx_word' id='word_1_317' title='bbox 1023 4246 1208 4300; x_wconf 86' lang='lat' dir='ltr'>infelicissime</span> <span class='ocrx_word' id='word_1_318' title='bbox 1234 4247 1292 4316; x_wconf 84' lang='lat' dir='ltr'>(sie)</span> 
     </span>
     <span class='ocr_line' id='line_1_38' title="bbox 163 4333 402 4386; baseline -0.004 0"><span class='ocrx_word' id='word_1_319' title='bbox 163 4337 188 4386; x_wconf 84' lang='lat' dir='ltr'>et</span> <span class='ocrx_word' id='word_1_320' title='bbox 205 4333 359 4386; x_wconf 85' lang='lat' dir='ltr'>infilicitate</span> <span class='ocrx_word' id='word_1_321' title='bbox 378 4333 402 4385; x_wconf 89' lang='lat' dir='ltr'><strong><em>A</em></strong></span> 
     </span>
    </p>
   </div>
   <div class='ocr_carea' id='block_1_5' title="bbox 0 0 1552 5018">
    <p class='ocr_par' dir='ltr' id='par_1_5' title="bbox 0 0 1552 5018">
     <span class='ocr_line' id='line_1_39' title="bbox 0 0 1552 5018; baseline 0 0"><span class='ocrx_word' id='word_1_322' title='bbox 0 0 1552 5018; x_wconf 95' lang='lat' dir='ltr'> </span> 
     </span>
    </p>
   </div>
  </div>
 </body>
</html>
