3096 5018
266 395 329 460 310
681 439 685 444 .
753 392 909 450 sciciani

212 581 375 649 29d0mu
403 578 563 648 donnini.
599 579 675 647 alibi
697 598 819 663 qnoque
841 585 880 646 et
902 583 1117 669 asanetis,
1147 583 1269 669 inquit,
1296 585 1401 654 nois.

263 683 444 768 incipite.
482 685 537 752 sed
570 683 612 750 sd
642 685 803 768 superiora
819 688 1007 775 *redeamus
1045 687 1116 766 ite,
1150 685 1257 772 inquit
1289 689 1393 758 aucus

263 788 568 871 elqceirr'aredulis
589 789 674 869 deus
709 787 765 853 ibe
796 788 836 855 in
865 789 1003 874 ignens.
1027 792 1247 869 ¹aeternum,
1281 810 1394 874 quem

262 890 422 974 parauit
443 895 556 975 pater
577 891 862 960 meus'disbclu
884 895 923 958 at
944 893 1102 978 angelis
1126 896 1228 962 eius,r
1258 899 1292 964 ab
1315 895 1394 964 llbe-

222 994 398 1061 :trandum
420 996 455 1061 be'
475 995 515 1060 sb
538 995 596 1076 bue
618 995 702 1060 mala
717 993 905 1078 quibusdam
921 995 1053 1064 forsitan
1076 997 1165 1066 bunis
1181 997 1391 1084 corporalibus
1415 1021 1429 1063 a

262 1099 370 1180 putas:
391 1097 576 1182 pudicitiam
596 1100 711 1181 quippe
733 1117 852 1164 amasse
874 1101 906 1164 te
929 1101 1037 1168 iactes.
1066 1105 1121 1168 sed
1144 1101 1392 1184 mementoque

262 1202 295 1266 et
315 1202 397 1280 illos,
421 1220 496 1285 quus
510 1202 545 1266 in
560 1201 724 1284 euangelio
738 1201 1080 1286 inmortalibus-poeuis
1095 1205 1233 1273 saluatur
1249 1205 1394 1285 tradidit,

260 1305 464 1386 inpudicitiae
493 1323 555 1370 non
581 1305 713 1371 notent
751 1305 954 1372 recusarem
974 1306 1104 1390 tibimet
1125 1308 1282 1390 placuisse
1304 1323 1392 1374 eum·

261 1411 439 1476 memerasl
472 1427 528 1474 neu
557 1409 617 1488 illi,
649 1410 686 1474 de
716 1410 827 1492 quibus
857 1410 1015 1491 scriptura
1044 1409 1199 1495 loquitur,
1228 1410 1391 1486 ebrietatis

262 1510 392 1577 crimine
412 1512 594 1595 puniuntur.
631 1513 787 1579 ieiunasse
809 1516 840 1578 te
863 1513 964 1581 decise
997 1533 1052 1598 nec
1075 1512 1148 1582 illes
1170 1515 1300 1595 prandia
1322 1531 1433 1580 recsic

208 1609 326 1682 illesas
349 1614 499 1684 lecerunt.
533 1617 587 1682 sed
609 1617 757 1682 uidelicet
780 1635 893 1702 magne
915 1635 1007 1684 caua
1030 1621 1086 1698 esi,
1119 1636 1180 1699 qua
1208 1617 1267 1688 tibi
1291 1619 1391 1686 absti-

261 1718 368 1784 nentia
396 1738 432 1785 ac
460 1720 574 1786 ieiunio
603 1722 657 1786 tue
685 1721 822 1803 placeas:
857 1722 911 1803 qui
939 1722 978 1788 ad
1008 1723 1066 1788 buc
1095 1721 1243 1788 ieiunasti
1272 1724 1311 1788 ad
1333 1723 1393 1789 bue

260 1839 351 1902 parce
384 1821 566 1904 exiliterque
601 1822 717 1902 uixisti,
751 1841 813 1890 nun
835 1826 871 1890 ut
894 1826 963 1907 pust
993 1825 1128 1892 mertem
1160 1825 1249 1892 mam
1279 1842 1391 1907 egenos

236 1924 464 2020 (facultalibus
486 1926 551 1990 tuis
574 1928 861 2008 pasceressedul
881 1947 1008 1995 censum
1023 1929 1247 2011 sensuumque·
1267 1928 1390 1996 heredis

261 2025 384 2094 diuitiis
405 2027 586 2110 ampliares,
612 2046 741 2113 magnes
764 2031 914 2098 uidelicet
928 2031 1136 2100 abstinentiae
1150 2030 1271 2100 fructus
1288 2033 1429 2116 sepiem

261 2131 364 2196 minus
388 2133 470 2198 eninr
493 2132 582 2215 panis
604 2135 640 2198 tu
664 2133 870 2213 manducasti,
901 2137 939 2200 ut
961 2133 1028 2201 auri
1051 2134 1132 2202 alius
1156 2135 1226 2218 plus
1249 2135 1395 2204 baberet..

260 2232 321 2300 tibi
349 2237 458 2302 uenter
485 2236 669 2317 frugalitate
690 2239 837 2320 decreuit,
867 2241 906 2302 ut
925 2237 1146 2322 cuiuscumque
1164 2237 1302 2308 huminis
1324 2239 1387 2306 teu

208 2332 249 2398 31
260 2336 343 2403 tasse
373 2337 481 2405 uitiosi
510 2338 674 2406 thesaurus
703 2341 861 2408 cresceret
899 2357 972 2408 cunr
1000 2359 1072 2425 erge
1104 2341 1143 2408 ad
1165 2341 1317 2411 iudicium
1339 2343 1395 2414 dei.

220 2442 391 2530 3ueneris,
415 2442 482 2511 iure
504 2443 648 2528 inputare
670 2441 823 2510 ieiunium
845 2448 936 2510 tuum
958 2446 1076 2530 puteris
1096 2447 1218 2513 dicens:
1240 2447 1388 2525 ieiuncui,

259 2544 392 2624 domine,
421 2549 468 2615 et·
481 2546 618 2615 abstinui
640 2563 675 2630 ac
697 2545 751 2615 diu
773 2565 831 2625 rne-
847 2547 886 2632 ab
916 2546 1056 2618 emnium
1084 2549 1270 2618 deliciarum
1298 2549 1389 2636 fruge
1398 2576 1429 2622 20

259 2647 421 2730 suspendi„
452 2650 558 2717 atres
578 2649 637 2714 huc
660 2650 783 2732 prebat:
813 2668 881 2717 eece
904 2652 987 2717 anim
1010 2669 1094 2717 nunc
1114 2653 1243 2718 wheredes
1266 2652 1328 2718 mei
1350 2653 1389 2721 de

207 2747 328 2820 dimac
350 2749 482 2832 eduum,
504 2753 716 2838 inpensarum
738 2754 921 2842 diuitiarum
938 2753 1034 2838 capiis
1057 2755 1276 2842 exabundant„
1299 2760 1331 2822 et
1352 2760 1394 2838 ut

260 2853 379 2936 aliquid
402 2854 498 2921 etism
521 2856 559 2921 de
582 2855 763 2940 euangelica
784 2857 915 2931 lecticae
937 2877 1126 2945 praesumas,
1145 2859 1207 2932 bue
1222 2861 1304 2948 quod
1325 2854 1388 2932 sal?

258 2955 350 3027 uulua
371 2955 452 3025 disis
473 2959 511 3026 de
532 2957 587 3027 illc
612 2958 719 3039 diuite,
743 2960 832 3043 putes
849 2960 882 3024 et
896 2962 931 3028 tu
946 2961 984 3036 de
1006 2961 1171 3028 heredibus
1190 2963 1253 3028 tuis
1268 2962 1388 3032 dicere:

258 3059 431 3148 induuntur
459 3079 598 3148 purpura
620 3066 651 3126 et
674 3063 765 3145 bysso
789 3063 822 3131 st
843 3063 1009 3145 epulantur
1036 3065 1207 3147 splendide,
1237 3065 1431 3157 incubantes

259 3161 386 3228 defessis
403 3147 487 3228 ame
505 3163 643 3243 talentis,
666 3165 813 3247 premunt
828 3167 951 3248 argenti
966 3168 997 3231 et
1012 3167 1081 3232 suri
1097 3171 1260 3252 congestas
1275 3172 1388 3255 strues,

258 3267 423 3332 materiem
447 3285 567 3350 quoque
589 3267 639 3334 bis
663 3269 861 3350 uoluptatum
884 3270 1023 3336 emnium
1045 3273 1239 3354 praeparari,
1260 3272 1388 3340 disten-

204 3367 249 3435 33
258 3367 374 3433 duntur
402 3369 522 3435 deliciis
544 3388 563 3434 a
586 3389 635 3435 me
662 3369 791 3437 relictis.
829 3391 886 3456 ege
915 3373 969 3439 diu
996 3373 1144 3454 abstinui,
1174 3376 1211 3441 ut
1233 3394 1315 3442 nune
1336 3375 1386 3441 illi

258 3463 460 3537 ebriarentur.
501 3469 628 3558 crapula
656 3467 708 3539 est
730 3473 857 3539 illorum
886 3467 1054 3560 frugalitas
1076 3495 1154 3562 mee.
1193 3480 1307 3564 natent
1326 3479 1387 3545 tri-

265 3741 268 3750 ,
361 3691 569 3772 maenae
611 3671 613 3678 ’
652 3655 916 3774 ¹anteuenias
946 3646 960 3680 ⁹
1002 3687 1281 3792 ,laeseras
1329 3771 1332 3778 Δ
1383 3757 1385 3764 .

292 3893 323 3950 Ἰ
348 3897 848 3958 demo'sadcmamccrr.¹m.2B
901 3938 904 3946 ·
949 3901 1073 3958 allbbA
1176 3903 1319 3963 eboriaci]
1361 3909 1387 3931 ''

255 3985 273 4038 4
290 3980 401 4038 diabulo
418 3985 476 4040 AB
540 4001 544 4012 ·
574 3989 607 4041 *ab
624 4000 658 4043 ece
675 3989 710 4043 ed
727 4003 797 4045 corr.
815 4005 849 4048 m.
868 3989 932 4046 eli
956 3987 1049 4046 ¹bd-A'
1122 3991 1272 4052 arcessite
1290 3995 1318 4048 A

255 4072 425 4126 eserinam
442 4075 467 4127 A
509 4108 511 4116 ι
569 4077 606 4130 »16
626 4076 704 4145 panis
723 4090 758 4132 car
775 4087 856 4147 penes
874 4071 997 4136 euersae.
1017 4079 1079 4138 AB
1106 4102 1110 4110 ¹
1168 4075 1216 4134 *cc
1231 4080 1387 4138 diliciarum

254 4158 283 4212 A
385 4155 615 4216 maturuerat
637 4161 742 4218 adnant
759 4178 829 4220 corr.
848 4169 920 4220 aaa
942 4166 970 4220 B
1075 4166 1264 4224 exbabnndcnt
1289 4166 1317 4221 A
1349 4196 1352 4211 ·

255 4243 290 4298 28
306 4244 408 4314 eliquit
425 4243 489 4300 cdd.
508 4263 530 4306 a
546 4247 567 4306 l.
584 4261 619 4303 rra
637 4251 658 4303 2
675 4250 757 4304 etism
775 4252 802 4304 A
899 4253 931 4307 25
950 4252 1090 4323 epclsntnr
1107 4254 1134 4307 A
1208 4247 1302 4323 ”epti
1320 4263 1387 4323 quc·

255 4328 323 4384 tidie
340 4329 382 4386 ad.
401 4331 541 4388 Bubasius
643 4334 678 4390 28
696 4335 797 4391 diliciis
815 4337 872 4392 AB
975 4339 1014 4408 nt]
1031 4342 1061 4392 et
1079 4341 1107 4393 A
