2972 5000
410 371 447 428 de
465 371 601 443 gubern.
618 371 672 428 dei
689 371 705 428 1
722 376 737 438 5
755 371 866 426 51-56.
1160 371 1201 438 27

66 581 185 635 toruo
216 579 303 632 meo
325 561 474 648 Moysi?
510 561 721 645 ireturque
748 559 860 628 obiit¹
901 560 939 626 et
965 577 1054 630 oooe
1078 561 1202 632 Morio

66 667 261 751 apperuit
297 665 469 738 oeudene
511 663 624 749 lepre
658 665 773 746 queri
808 663 895 744 uix,
933 663 1203 749 olemeuitque

64 773 225 854 Moyses
250 772 297 837 ed
318 768 685 841 domiuumuioeue:
709 766 888 850 obsecro,
912 765 1085 852 domiue,
1109 786 1203 836 seue

65 893 154 942 euru.
179 874 248 944 oui
270 872 483 956 respoudit
503 870 700 942 domiuus:
725 871 759 938 ei
780 872 893 954 peter
914 869 998 940 eiue
1019 871 1204 954 spuisset

47 978 101 1043 riu
116 978 272 1048 feoieru
291 976 427 1057 illiue,
442 993 513 1042 uou
536 973 726 1042 debuerat
740 975 885 1044 saltem
900 973 1032 1042 deoenu
1052 974 1203 1046 dierum

64 1080 209 1150 rubore
241 1077 452 1150 suffundi?
496 1080 706 1159 separetur
739 1079 890 1160 septem
916 1074 1058 1144 diebus
1086 1081 1202 1146 extra

64 1185 221 1262 oestro,
251 1185 296 1256 ot
316 1185 455 1266 posteo
476 1181 743 1249 reuooebitur.
773 1179 933 1248 sufficient
954 1180 1051 1266 igitur
1079 1181 1117 1250 de
1142 1180 1202 1248 hoo

64 1305 177 1370 genere
200 1283 370 1353 diuisiouie
393 1287 425 1350 et
447 1284 485 1377 do
506 1283 565 1349 heo
580 1284 670 1367 purte
692 1284 844 1350 sermonis
865 1283 926 1348 istu
948 1302 1027 1366 quoe
1050 1284 1201 1362 diximum

64 1390 231 1458 iufiuituru
256 1389 343 1460 euim
364 1389 413 1456 est
434 1387 474 1454 de
496 1386 640 1456 omuibus
661 1386 830 1470 disputare,
854 1403 934 1469 queo
956 1386 1050 1454 nimie
1072 1389 1202 1472 longum

39 1498 109 1560 eost
132 1493 241 1560 etiem
264 1492 330 1558 uiue
345 1489 558 1574 disputetioue
574 1507 747 1560 numerere.
775 1489 829 1558 sed
844 1489 946 1556 edhuo
960 1489 1067 1556 temen
1084 1490 1202 1573 aliquid

65 1596 233 1668 adduruue.

102 1717 183 1783 XII.
214 1716 365 1782 Paenitet
391 1715 517 1800 gentem
545 1714 761 1780 Hebraeorum
786 1712 826 1780 de
849 1713 993 1798 Aegypto
1022 1712 1254 1792 recordetur

66 1821 264 1903 percutitur:
288 1820 375 1886 dolet
393 1819 507 1885 deiude
529 1816 658 1902 sarigim·
680 1835 715 1884 eo
735 1815 842 1886 bbere
863 1816 999 1900 itineris,
1025 1816 1200 1902 adfligitur:

66 1943 175 1990 remeo
207 1922 386 2002 desideret,
418 1922 613 1989 uerberatur.
658 1923 692 1986 rt
721 1919 794 2002 quie
826 1919 940 1986 ootidie
966 1939 1082 1988 monuo
1109 1921 1203 1988 edeue

41 2028 190 2110 oexplere
212 2026 380 2092 iuleoebrie
405 2025 492 2108 eupit
507 2024 628 2092 uentris
642 2024 827 2108 ingluuiem,
851 2024 959 2108 optutu
972 2023 1098 2107 quidem
1114 2025 1202 2107 euui-

65 2130 168 2196 ditnte
183 2133 357 2206 saturetur,
373 2129 429 2194 eod
443 2128 478 2194 iu
492 2128 563 2211 ipre
577 2128 685 2194 temon
699 2126 867 2193 suturitote
882 2128 1054 2210 torquetur.
1078 2127 1202 2194 edhue

66 2235 184 2314 euim,
209 2232 319 2316 iuquit
332 2232 499 2314 seriptum,
521 2232 716 2297 erederet
737 2230 778 2297 iu
800 2248 863 2296 ore
886 2231 1059 2313 ipsorum
1081 2232 1119 2298 et
1141 2232 1203 2297 ire

66 2337 125 2403 dei
159 2335 353 2402 eeeoudit
383 2335 425 2400 iu
448 2352 512 2402 eoe
543 2334 580 2401 et
601 2332 751 2402 ooeidit
778 2333 976 2417 plurimos
1006 2351 1136 2400 eorum
1164 2338 1201 2399 et

66 2441 222 2507 eleetos
240 2437 401 2505 Israhel
422 2436 648 2522 impediuit.
692 2435 741 2519 og
769 2439 879 2504 eontro
900 2437 1029 2520 Moysen
1057 2433 1253 2516 rebellot‚56

41 2544 284 2630 »exdnguiturz
317 2540 394 2607 core
429 2540 639 2620 eouuioietur,
674 2539 830 2608 obruitur:
864 2539 990 2606 Dotheu
1022 2539 1054 2606 et
1082 2539 1201 2606 Abirou

66 2647 281 2726 murmurant,
297 2645 497 2713 deuoreutur.
517 2646 659 2726 operte
679 2645 739 2710 eet
761 2644 878 2723 euim,
893 2643 1008 2726 inquit,
1024 2645 1146 2724 terre,
1163 2647 1202 2709 et

67 2748 321 2836 degluttiuit
344 2747 503 2814 Detbeu
530 2751 569 2813 et
594 2748 758 2830 operuit
779 2764 1019 2832 synagogem
1041 2746 1200 2814 Abirou.

66 2853 197 2920 duoeuti
235 2869 355 2935 quoque
388 2855 421 2918 et
456 2850 702 2935 quinquaginta,
735 2852 772 2918 ut
800 2868 889 2916 eeoor
921 2867 1022 2917 eermo
1056 2853 1200 2931 bortatur,

64 2957 226 3041 priueipes
249 2954 326 3034 uiri,
360 2956 413 3036 qui
440 2955 580 3037 tempore
610 2953 733 3020 oouoiiii
754 2971 810 3035 per
836 2953 966 3020 domiue
994 2953 1199 3037 uoeebuutur,

4 3087 5 3092 =
39 3059 275 3127 eemexeruut
304 3059 415 3124 ooutro
436 3058 579 3142 Moyreu.
623 3075 790 3139 eumque
819 3057 1032 3124 etetieeeut
1061 3061 1202 3125 ooutre

64 3164 234 3248 Moysen
263 3160 301 3226 et
327 3160 472 3240 Aaron,
501 3159 700 3226 dixerunt:
734 3158 922 3226 suffieirt
950 3159 1080 3243 uobis,
1109 3162 1202 3244 quie

64 3268 194 3332 omnis
218 3264 439 3330 multitudo
462 3264 691 3328 eauotorum
717 3263 781 3330 oet
804 3265 844 3329 et
864 3263 904 3328 iu
926 3263 1027 3346 ipsis
1056 3266 1116 3330 eet
1140 3263 1201 3330 do·

174 3486 443 3556 161>sel.77‚30¹
516 3485 770 3551 21Pee1.105,1u
875 3484 909 3540 25
924 3483 1008 3543 Num.
1027 3484 1104 3552 16‚3

115 3695 135 3748 3
153 3693 191 3750 ed
210 3693 350 3753 domiuum
366 3689 473 3762 Moyreo
490 3691 518 3749 Β
615 3691 775 3750 edomitus
791 3689 933 3760 respondet
948 3688 976 3744 Β
1071 3688 1088 3744 6
1105 3688 1200 3747 rubore

66 3797 115 3839 oue
134 3781 166 3838 Β
183 3785 249 3838 rel
347 3778 519 3838 trudfieiuut
536 3778 564 3834 Β
581 3777 833 3848 (iodeopodremo
850 3775 933 3836 bede
950 3775 1122 3844 ttbriooptte
1140 3774 1198 3830 eod.

66 3868 92 3926 Β
107 3869 215 3924 uariae
230 3868 386 3938 mmm
404 3881 438 3924 eo
455 3863 575 3923 editiore
586 3864 742 3924 Hateriano
757 3863 877 3934 sumtis·
893 3860 1020 3930 werten
1037 3860 1100 3918 iibri
1112 3861 1201 3930 eume

66 3955 162 4026 rapida
183 3951 305 4010 order
322 3951 414 4008 denuo
431 3966 520 4008 moron
536 3951 568 4006 ie
584 3965 666 4006 eoum
682 3946 811 4016 metit)
916 3947 949 4002 12
965 3945 1086 4018 poenitet
1103 3947 1131 4000 A

66 4039 227 4100 hebreorum
245 4039 278 4096 de
301 4040 402 4110 egypto
425 4037 453 4094 A
557 4035 591 4092 14
611 4050 738 4094 moenem
762 4033 791 4104 Β
894 4033 927 4088 19
949 4031 1082 4102 iupediuit
1103 4031 1131 4088 Β

67 4131 152 4200 uero.
171 4141 277 4200 cde·
295 4141 324 4196 e
359 4119 420 4196 ude
437 4143 534 4196 onem
550 4140 578 4196 e
659 4138 694 4194 eo
711 4137 788 4208 oen]
804 4136 973 4202 errrore
988 4137 1022 4202 rr
1106 4136 1199 4192 ouran

67 4230 91 4284 Β
106 4247 146 4286 n.
158 4233 175 4284 1
186 4227 231 4284 bb
332 4227 368 4282 22
385 4225 533 4295 deglutiuit
549 4224 578 4280 Β
659 4223 789 4293 ,opoente
806 4223 846 4279 Β,
925 4221 1084 4292 riuegogem
1102 4223 1130 4277 A

68 4315 99 4371 25
117 4318 164 4370 ote
181 4313 243 4380 (eod
256 4315 364 4382 ωσι)
382 4313 475 4370 eontra
492 4311 520 4367 Β
