2972 5000
208 362 294 418 XIIII

254 580 285 650 p
314 585 360 620 z
390 553 586 628 editionem
605 553 808 653 principem
835 553 1053 628 Sichardi
1073 555 1202 652 (Basil.
1227 559 1339 652 1528)

312 700 420 772 quam
467 700 551 747 cum
594 674 673 772 ipse
724 675 905 774 inspicere
948 701 1025 749 non
1067 676 1252 775 potuerim
1296 703 1340 750 ex

315 794 473 868 editione
512 794 710 868 Halmiana
750 794 871 868 citaui.
922 821 1016 893 quas
1052 821 1142 870 uero
1178 796 1340 871 continet

312 914 613 1014 interpolationes
640 913 754 989 modo
791 915 976 989 breuiores
1003 915 1115 990 modo
1143 917 1340 1016 ampliores

314 1061 357 1108 ex
389 1035 538 1132 ingenio
571 1035 706 1134 partim
740 1035 835 1108 male
872 1034 999 1110 sedulo
1035 1035 1167 1134 partim
1194 1038 1341 1112 aliunde

313 1156 466 1230 haustas
504 1181 581 1230 non
618 1155 658 1229 in
695 1155 971 1230 adnotationem
1013 1157 1175 1232 criticam
1215 1161 1340 1260 recepi

313 1275 383 1360 nisi
421 1275 460 1348 in
499 1274 624 1373 plures
667 1273 844 1350 editiones
885 1301 980 1375 quae
1019 1277 1067 1350 ad
1106 1277 1339 1354 Halmium

313 1421 431 1494 usque
457 1392 629 1493 prodiere
656 1395 753 1467 uiam
782 1421 886 1468 suam
913 1396 1144 1471 inuenerunt.

260 1635 321 1710 Ad
354 1637 488 1711 horum
522 1647 647 1710 autem
684 1635 932 1711 subsidiorum
965 1636 1078 1711 fidem
1113 1649 1148 1712 et
1183 1640 1339 1713 auctori-

210 1767 317 1830 tatem
364 1755 465 1856 quod
496 1756 637 1858 attinet
681 1783 830 1856 operam
870 1768 1036 1831 nostram
1075 1758 1151 1830 fere
1191 1785 1340 1834 ornnem

212 1864 496 1950 consentaneum
524 1877 646 1950 uisum
666 1888 721 1951 est
747 1877 814 1949 niti
835 1877 1023 1952 codicibus
1050 1879 1086 1950 A
1114 1889 1149 1951 et
1175 1879 1219 1967 Β,
1249 1907 1341 1977 quo-

210 2022 291 2068 rum
326 1994 419 2070 alter
443 1997 479 2068 A
513 1995 605 2070 adeo
640 1997 750 2094 longe
784 1997 974 2096 primarias
1001 2010 1120 2096 partes
1148 1998 1268 2093 habet,
1297 2013 1341 2076 ut

210 2143 287 2190 non
313 2116 497 2214 potuerim
524 2116 684 2191 auctoris
713 2119 829 2193 uerba
855 2117 1009 2191 nonita
1035 2118 1265 2213 constituere,
1298 2133 1340 2195 ut

212 2237 392 2335 quidquid
419 2237 459 2310 in
486 2237 623 2311 eisdem
653 2238 815 2336 reperias
843 2263 887 2311 ex
914 2237 1045 2312 eodem
1071 2237 1245 2313 haustum
1272 2267 1340 2338 pu-

211 2357 363 2432 tandum
406 2357 453 2431 sit
492 2358 602 2432 modo
638 2385 684 2432 ne
720 2358 908 2433 adnotatio
949 2359 1071 2433 critica
1111 2361 1338 2436 contrarium

213 2479 365 2552 euincat.
407 2489 562 2576 uterque
589 2478 738 2576 quidem
766 2479 881 2553 codex
907 2479 1023 2570 fluxit,
1057 2479 1096 2552 id
1123 2481 1224 2577 quod
1252 2482 1340 2556 satis

213 2600 250 2671 in
265 2599 576 2673 commentatione
590 2625 703 2697 supra
718 2599 812 2672 dicta
827 2598 1094 2672 demonstrasse
1108 2599 1197 2672 mihi
1211 2601 1342 2675 uideor

173 2793 175 2796 .
213 2732 248 2792 et
291 2729 444 2816 accepta
483 2718 751 2794 Weihrichii
796 2717 1004 2792 conlatione
1049 2717 1156 2791 etiam
1203 2721 1340 2795 certius

211 2837 376 2937 profiteri
402 2838 531 2926 ausim,
560 2863 604 2914 ex
631 2864 705 2912 uno
733 2837 937 2934 eodemque
964 2837 1173 2937 archetypo.
1212 2841 1341 2939 atqui

213 2958 379 3032 codicem
404 2959 440 3030 A
467 2957 629 3032 exarauit
661 2957 778 3031 multo
813 2956 1025 3054 diligentius
1052 2969 1088 3030 et
1115 2960 1339 3036 enucleatius

213 3105 291 3153 rem
318 3079 390 3177 egit
417 3104 526 3177 quam
547 3077 612 3175 qui
630 3077 795 3152 codicem
822 3077 858 3150 B
884 3076 1103 3175 conscripsit
1120 3105 1196 3152 non
1219 3080 1340 3154 solum

212 3199 308 3273 iusto
348 3224 457 3296 saepe
498 3197 752 3296 neglegentius
791 3198 857 3270 sed
890 3197 1000 3271 etiam
1037 3198 1139 3272 haud
1170 3225 1255 3274 raro
1283 3201 1340 3274 sui

213 3320 327 3417 ipsius
364 3318 513 3417 ingenio
549 3317 632 3418 plus
668 3343 781 3416 quam
815 3317 908 3392 fonti
941 3343 1007 3402 suo
1040 3317 1126 3392 fidei
1163 3319 1339 3396 tribuens.

214 3466 299 3513 cum
333 3465 422 3513 uero
456 3450 492 3512 et
527 3437 664 3512 codicis
690 3439 726 3510 A
761 3450 990 3510 exaratorem
1026 3464 1101 3511 non
1136 3464 1341 3538 numquam

213 3560 261 3632 ita
288 3558 506 3634 dormitasse
527 3559 567 3632 in
584 3569 713 3658 aperto
742 3558 798 3644 sit,
825 3570 868 3630 ut
894 3557 1087 3632 oculorum
1114 3557 1340 3635 aberratione

214 3680 397 3754 omitteret
430 3679 502 3752 alia
537 3679 609 3752 alia
641 3680 764 3752 minus
793 3676 975 3775 sagaciter
1002 3680 1171 3752 minusue
1198 3682 1341 3755 curiose

213 3799 416 3898 indagaret,
446 3826 540 3900 quae
572 3801 610 3872 in
645 3798 844 3899 archetypo
862 3833 866 3840 ·
883 3825 949 3872 suo
989 3799 1192 3893 inuenerat,
1235 3801 1341 3874 etiam

215 3920 330 3994 codici
357 3921 393 3995 B
425 3920 543 3994 multa
578 3919 760 3994 debentur
786 3931 823 3994 et
857 3919 1094 3994 retribuenda
1128 3933 1224 3994 sunt.
1267 3948 1340 4019 quo

213 4039 351 4118 sactum
392 4052 456 4135 est,
501 4051 543 4114 ut
583 4041 689 4115 etiam
735 4040 872 4116 codicis
903 4043 939 4116 Β
979 4043 1101 4115 uarias
1141 4041 1341 4140 scripturas

215 4185 350 4258 easque
381 4161 543 4259 integras
577 4161 801 4236 adnotationi
835 4161 979 4236 criticae
1011 4159 1122 4234 inseri
1150 4171 1341 4235 consenta-

214 4306 323 4353 neum
351 4280 551 4356 uideretur.
