3068 5012
15 335 18 492 ,
480 395 520 449 ad
538 396 714 452 aeclesiam
732 397 763 452 11
781 399 796 461 ὅ
814 396 907 452 9-15.
1196 398 1260 466 249

125 603 221 668 quam
245 584 323 651 haeo
345 603 424 668 quae
445 586 555 669 loquor
576 587 654 654 soire
679 605 785 654 omnes
808 587 947 670 legentes
970 588 1052 672 uolo,
1076 608 1139 656 uon
1154 608 1203 654 me
1219 589 1257 656 de

124 688 271 754 omnibus
295 691 411 756 sanetis
434 691 489 755 sed
511 692 549 756 de
572 691 621 756 his
643 695 769 760 tautum
791 691 887 774 loqui,
911 691 965 774 qui
980 692 1055 758 lieet
1072 691 1257 778 religionem

124 791 258 874 professi
290 792 364 874 sint,
399 796 505 859 temon
539 794 666 861 diuitias
695 811 757 861 non
785 794 976 878 relinquunt.
1010 798 1047 861 de
1074 795 1140 860 illis
1164 796 1257 880 enim,
1271 793 1310 860 13

125 896 182 980 qui
213 897 347 978 expediti
381 897 528 963 omnibus
558 898 691 965 sarcinis
724 897 891 966 saluatoris
919 897 1004 964 uiam
1032 901 1204 982 sequuntur
1226 903 1259 964 et

99 998 291 1066 edominum
313 1000 420 1065 Iesum
443 999 605 1066 Christum
637 1020 698 1067 non
732 1001 897 1066 sanctitate
932 1003 1059 1066 tantum
1087 1001 1260 1068 sedetiam

123 1103 311 1182 paupertate
345 1105 534 1179 mereantur,
568 1103 651 1169 nihil
683 1106 732 1170 est
764 1105 847 1187 quod
868 1103 931 1172 diei
953 1107 1061 1186 possit,
1094 1105 1156 1170 nisi
1178 1104 1258 1170 illud

125 1207 265 1283 tantum,
299 1209 381 1289 quod
414 1209 511 1273 etiam
543 1207 693 1291 propheta
727 1207 823 1272 dixit:
857 1207 953 1275 mihi
980 1210 1111 1274 aulem
1133 1206 1258 1274 nimis

123 1307 394 1376 honorificati
416 1312 508 1376 sunt
535 1310 653 1376 amioi
683 1310 756 1386 tui,
785 1312 889 1376 deus.
923 1310 980 1376 hos
1004 1311 1088 1381 enim
1111 1329 1168 1394 ogo
1190 1328 1259 1376 om-

123 1430 182 1476 nes
205 1431 267 1476 non
289 1413 381 1480 aliter
403 1433 498 1497 quam
519 1414 695 1480 imitatores
711 1413 829 1480 Christi
851 1416 964 1480 honoro
980 1432 1043 1480 non
1058 1414 1150 1480 aliter
1165 1432 1259 1497 quam

88 1534 113 1574 ro
123 1513 247 1580 Christi
269 1516 422 1600 imagines
444 1517 512 1583 oolo
528 1536 591 1582 nou
607 1517 699 1583 aliter
714 1536 808 1599 qnam
824 1516 941 1584 Christi
956 1517 1097 1583 membra
1112 1517 1258 1600 suspicio,

123 1621 159 1681 et
187 1620 230 1684 aol
258 1619 316 1685 hoo
349 1621 476 1686 tantum
507 1620 635 1686 illorum
663 1621 802 1700 memini,
825 1621 992 1686 uteorum
1012 1620 1166 1686 momoria
1186 1620 1258 1704 dig-

122 1741 186 1792 uus
209 1723 294 1788 fiam.

169 1843 248 1910 IllI.
279 1843 340 1911 Sed
362 1843 511 1911 iniuriosa
525 1844 656 1910 forsitan
678 1845 741 1926 illa,
765 1863 843 1926 quae
858 1862 953 1926 supra
968 1843 1112 1923 diximus,
1136 1843 1311 1926 religio-14

123 1966 180 2014 sae
213 1947 400 2028 professioni
427 1967 493 2014 sese
521 1947 695 2016 uideantur.
732 1948 808 2031 qnid
836 1947 930 2025 enim,
961 1949 1063 2029 inquit
1086 1946 1207 2032 aliquis,
1231 1947 1259 2013 si

89 2050 226 2116 rsuidua
259 2051 301 2115 sit
334 2051 421 2116 diuos
452 2054 483 2115 et
512 2050 700 2116 uiduitatsm
729 2054 836 2116 tamen
863 2050 897 2114 in
920 2068 1034 2133 magna
1056 2068 1150 2132 opum
1171 2051 1259 2133 oopia

124 2173 190 2219 non
222 2155 422 2235 relinquens?
455 2157 538 2238 quid,
569 2156 595 2219 ei
624 2155 715 2236 uirgo
745 2153 960 2238 integritatem
989 2154 1129 2236 professa
1155 2157 1187 2218 ot
1208 2154 1258 2217 in-

123 2258 242 2340 pollnti
276 2259 413 2342 eorporis
447 2258 615 2325 sanotitate
647 2258 781 2324 deuota?
813 2258 898 2340 qnid,
928 2258 955 2323 si
984 2258 1163 2342 coniugium
1192 2259 1258 2324 sine

124 2379 222 2441 opere
245 2360 413 2444 ooniugali,
436 2379 553 2445 negans
576 2379 609 2426 so
631 2362 736 2444 ipsum
758 2360 819 2425 sihi
844 2364 876 2426 et
896 2359 1012 2425 hahens
1030 2377 1063 2424 se
1086 2361 1174 2441 quasi
1197 2379 1259 2426 non

123 2465 269 2531 hahens?
292 2466 377 2547 quid,
400 2466 427 2530 ai
450 2466 619 2531 monaahus
641 2463 683 2531 ab
704 2463 900 2530 incunabulis
915 2464 972 2529 deo
987 2463 1152 2530 militans?
1174 2468 1257 2548 qnid,

87 2569 153 2634 ausi
178 2568 312 2634 olerions
335 2568 416 2634 seori
439 2568 607 2634 ministerii
628 2567 814 2636 seruitutem
836 2566 920 2634 fideli
943 2567 1097 2632 seruitute
1112 2585 1257 2633 sonsum-

124 2675 242 2738 mans?
263 2672 418 2754 numquid
438 2673 536 2738 stiam
559 2673 592 2738 hi
615 2673 760 2737 aeternae
773 2672 886 2740 salutis
902 2669 1008 2736 frnotn
1029 2671 1258 2752 parielitantur‚

124 2775 155 2840 si
189 2780 246 2841 ant
280 2776 424 2840 uiuentes
457 2793 532 2857 opes
562 2775 701 2858 integras
735 2775 873 2840 habeant
900 2776 957 2839 aut
984 2774 1152 2840 morientes
1174 2773 1258 2839 imli·

123 2879 274 2962 gentihus
307 2896 369 2944 nou
405 2877 607 2962 relinquant?
644 2897 742 2961 parua
775 2881 822 2944 est
855 2880 895 2945 ad
927 2877 1186 2962 promulgandam
1221 2875 1310 2945 delh

124 2983 344 3048 huiuscemodi
367 2985 545 3064 quaestione
567 2984 755 3049 sententiam
769 3001 870 3048 sermo
885 2983 978 3064 atque
993 2982 1161 3048 auotoritas
1177 3001 1258 3048 mea.

90 3086 292 3151 asnideamns
326 3104 407 3169 ergo,
441 3086 516 3168 quid
550 3087 587 3151 de
618 3087 669 3151 his
702 3087 844 3152 omnibns
878 3103 1035 3150 saerorum
1062 3085 1258 3150 uoluminum

124 3190 256 3274 linguae
289 3209 326 3258 eo
358 3192 603 3274 praeceptorum,
628 3191 814 3259 eoelestium
845 3206 935 3260 nonos
968 3191 1089 3268 sonent,
1124 3188 1156 3252 et
1188 3189 1259 3254 tum
1292 3259 1296 3266 ,

11 3369 12 3398 ¹
124 3293 301 3358 rectissime
331 3295 501 3363 seeundum
534 3293 640 3361 dalem
660 3313 681 3372 s
702 3296 758 3372 teo
788 3310 928 3360 normam
957 3291 1111 3374 opinionis
1133 3294 1258 3358 nostrus

11 3417 12 3420 ¹
125 3397 274 3482 regulam
295 3395 490 3480 dirigemus·
513 3415 549 3463 aa
570 3398 708 3479 primum
731 3415 792 3462 non
822 3397 880 3475 ost,
911 3396 994 3478 quud
1016 3392 1258 3478 confugiendum

125 3499 188 3582 sihi
210 3517 293 3565 nuno
312 3498 482 3584 quisquam
504 3502 593 3582 putet
612 3501 651 3567 ad
667 3509 810 3569 ueterum
826 3500 1035 3583 exemplorum
1052 3515 1119 3567 sese
1134 3498 1257 3577 solacia,

90 3609 165 3670 sont
187 3603 271 3669 dioat
298 3603 419 3687 aliquos
446 3603 577 3674 fortasse
608 3607 744 3682 sanatos¹
760 3606 816 3684 put
835 3603 871 3670 -in
889 3591 961 3686 ¹,lege
980 3603 1039 3669 sut
1061 3603 1133 3668 aute
1155 3601 1258 3684 legem

11 3753 12 3794 t
129 3705 246 3774 diuites
279 3707 387 3773 luisse.
425 3706 505 3772 obiit
539 3709 652 3792 qnippe
685 3708 766 3773 illnd
788 3712 921 3792 tempus,
952 3707 1076 3770 mutata
1098 3704 1177 3769 ratio
1201 3708 1257 3768 est.

232 3912 338 3994 ll’sal.
358 3912 416 3978 138,
437 3913 469 3966 17

11 4137 12 4145 ,
178 4084 383 4154 limereaatur]
404 4075 552 4138 ‘imitantur
575 4081 777 4138 celsissimus
884 4077 917 4136 13
940 4081 1064 4135 forsitam
1087 4079 1114 4134 Β
1145 4080 1258 4134 forsitan

11 4155 12 4246 i
128 4169 296 4226 easiorsitao
314 4185 384 4227 οων.
407 4185 442 4222 m.
461 4171 481 4223 2
503 4169 535 4223 A
620 4169 677 4223 rme
703 4182 796 4238 perna.¹
813 4171 880 4222 sunt
906 4169 965 4231 (ael
989 4179 1082 4236 parum
1108 4168 1158 4234 ene)
1187 4167 1260 4221 oona

129 4255 332 4312 Maturius
358 4254 404 4310 uix
420 4270 469 4323 par
486 4254 645 4322 suspicatur
660 4255 810 4310 Kanethos
862 4289 866 4300 -
905 4253 1017 4308 Clitum
1034 4252 1180 4307 Halmium:
1197 4267 1259 4307 oum

128 4347 308 4400 a.aor.m.2
333 4342 405 4399 to‘A
431 4342 541 4399 tuueB
644 4341 841 4397 CCsohtiaB
