<?xml version="1.0" encoding="UTF-8"?>
<!DOCTYPE html PUBLIC "-//W3C//DTD XHTML 1.0 Transitional//EN"
    "http://www.w3.org/TR/xhtml1/DTD/xhtml1-transitional.dtd">
<html xmlns="http://www.w3.org/1999/xhtml" xml:lang="en" lang="en">
 <head>
  <title>
</title>
<meta http-equiv="Content-Type" content="text/html;charset=utf-8" />
  <meta name='ocr-system' content='tesseract 3.04.00' />
  <meta name='ocr-capabilities' content='ocr_page ocr_carea ocr_par ocr_line ocrx_word'/>
</head>
<body>
  <div class='ocr_page' id='page_1' title='image "./corpusscriptoru14wissgoog_0363.png"; bbox 0 0 3096 5018; ppageno 0'>
   <div class='ocr_carea' id='block_1_1' title="bbox 273 347 918 412">
    <p class='ocr_par' dir='ltr' id='par_1_1' title="bbox 273 347 918 412">
     <span class='ocr_line' id='line_1_1' title="bbox 273 347 918 412; baseline -0.016 0"><span class='ocrx_word' id='word_1_1' title='bbox 273 347 337 412; x_wconf 77' lang='lat'><strong>312</strong></span> <span class='ocrx_word' id='word_1_2' title='bbox 738 368 740 376; x_wconf 67' lang='grc'>’</span> <span class='ocrx_word' id='word_1_3' title='bbox 759 347 918 404; x_wconf 73' lang='lat' dir='ltr'><strong>Saluiaui</strong></span> 
     </span>
    </p>
   </div>
   <div class='ocr_carea' id='block_1_2' title="bbox 220 535 1531 2691">
    <p class='ocr_par' dir='ltr' id='par_1_2' title="bbox 220 515 1531 2691">
     <span class='ocr_line' id='line_1_2' title="bbox 272 535 1408 618; baseline 0.002 -14"><span class='ocrx_word' id='word_1_4' title='bbox 272 553 340 604; x_wconf 87' lang='lat' dir='ltr'><strong>asse</strong></span> <span class='ocrx_word' id='word_1_5' title='bbox 371 536 489 602; x_wconf 87' lang='lat' dir='ltr'><strong>iudicas</strong></span> <span class='ocrx_word' id='word_1_6' title='bbox 519 540 550 600; x_wconf 89' lang='lat' dir='ltr'><strong>et</strong></span> <span class='ocrx_word' id='word_1_7' title='bbox 580 536 670 618; x_wconf 84' lang='lat' dir='ltr'><strong>quasi</strong></span> <span class='ocrx_word' id='word_1_8' title='bbox 705 535 828 602; x_wconf 89' lang='lat' dir='ltr'><strong>somnia</strong></span> <span class='ocrx_word' id='word_1_9' title='bbox 861 539 1014 618; x_wconf 76' lang='lat' dir='ltr'>quaedam</span> <span class='ocrx_word' id='word_1_10' title='bbox 1034 556 1070 604; x_wconf 90' lang='lat' dir='ltr'><strong>ae</strong></span> <span class='ocrx_word' id='word_1_11' title='bbox 1092 537 1299 606; x_wconf 84' lang='lat' dir='ltr'><strong>deliramenta</strong></span> <span class='ocrx_word' id='word_1_12' title='bbox 1329 559 1408 606; x_wconf 93' lang='lat' dir='ltr'><strong>con·</strong></span> 
     </span>
     <span class='ocr_line' id='line_1_3' title="bbox 273 637 1531 726; baseline 0.002 -20"><span class='ocrx_word' id='word_1_13' title='bbox 273 639 404 722; x_wconf 80' lang='lat' dir='ltr'><strong>temnis3</strong></span> <span class='ocrx_word' id='word_1_14' title='bbox 427 657 487 704; x_wconf 90' lang='lat' dir='ltr'><strong>non</strong></span> <span class='ocrx_word' id='word_1_15' title='bbox 511 639 594 704; x_wconf 82' lang='lat' dir='ltr'><strong>enIm</strong></span> <span class='ocrx_word' id='word_1_16' title='bbox 616 639 718 704; x_wconf 82' lang='lat' dir='ltr'><strong>credda</strong></span> <span class='ocrx_word' id='word_1_17' title='bbox 736 637 896 706; x_wconf 80' lang='lat' dir='ltr'><strong>Christum</strong></span> <span class='ocrx_word' id='word_1_18' title='bbox 918 658 992 706; x_wconf 90' lang='lat' dir='ltr'><strong>uera</strong></span> <span class='ocrx_word' id='word_1_19' title='bbox 1014 639 1136 706; x_wconf 81' lang='lat' dir='ltr'><strong>dixisse.</strong></span> <span class='ocrx_word' id='word_1_20' title='bbox 1167 643 1200 708; x_wconf 91' lang='lat' dir='ltr'><strong>et</strong></span> <span class='ocrx_word' id='word_1_21' title='bbox 1222 661 1270 708; x_wconf 88' lang='lat' dir='ltr'><strong>res</strong></span> <span class='ocrx_word' id='word_1_22' title='bbox 1293 644 1410 726; x_wconf 89' lang='lat' dir='ltr'><strong>probat</strong></span> <span class='ocrx_word' id='word_1_23' title='bbox 1530 655 1531 708; x_wconf 79' lang='lat' dir='ltr'><strong>l</strong></span> 
     </span>
     <span class='ocr_line' id='line_1_4' title="bbox 272 733 1408 829; baseline 0.003 -19"><span class='ocrx_word' id='word_1_24' title='bbox 272 758 469 826; x_wconf 86' lang='lat' dir='ltr'><strong>nequaquem</strong></span> <span class='ocrx_word' id='word_1_25' title='bbox 491 744 530 808; x_wconf 88' lang='lat' dir='ltr'><strong>te</strong></span> <span class='ocrx_word' id='word_1_26' title='bbox 540 743 569 812; x_wconf 89' lang='lat' dir='ltr'><strong>ei</strong></span> <span class='ocrx_word' id='word_1_27' title='bbox 583 733 725 827; x_wconf 73' lang='lat' dir='ltr'><strong>credere3</strong></span> <span class='ocrx_word' id='word_1_28' title='bbox 748 745 889 826; x_wconf 90' lang='lat' dir='ltr'><strong>namqui</strong></span> <span class='ocrx_word' id='word_1_29' title='bbox 905 744 1135 812; x_wconf 81' lang='lat' dir='ltr'><strong>mandatueius</strong></span> <span class='ocrx_word' id='word_1_30' title='bbox 1153 747 1259 812; x_wconf 81' lang='lat' dir='ltr'><strong>nscia</strong></span> <span class='ocrx_word' id='word_1_31' title='bbox 1281 749 1408 829; x_wconf 90' lang='lat' dir='ltr'><strong>postre-</strong></span> 
     </span>
     <span class='ocr_line' id='line_1_5' title="bbox 271 845 1531 930; baseline 0 -18"><span class='ocrx_word' id='word_1_32' title='bbox 271 845 333 912; x_wconf 90' lang='lat' dir='ltr'><strong>mis</strong></span> <span class='ocrx_word' id='word_1_33' title='bbox 368 845 460 930; x_wconf 82' lang='lat' dir='ltr'><strong>facts,</strong></span> <span class='ocrx_word' id='word_1_34' title='bbox 497 847 554 912; x_wconf 85' lang='lat' dir='ltr'><strong>aut</strong></span> <span class='ocrx_word' id='word_1_35' title='bbox 587 847 674 911; x_wconf 87' lang='lat' dir='ltr'><strong>nulla</strong></span> <span class='ocrx_word' id='word_1_36' title='bbox 709 865 776 912; x_wconf 88' lang='lat' dir='ltr'><strong>esse</strong></span> <span class='ocrx_word' id='word_1_37' title='bbox 805 848 933 914; x_wconf 90' lang='lat' dir='ltr'><strong>omnino</strong></span> <span class='ocrx_word' id='word_1_38' title='bbox 963 849 1111 914; x_wconf 79' lang='lat' dir='ltr'><strong>aestimas</strong></span> <span class='ocrx_word' id='word_1_39' title='bbox 1142 854 1196 914; x_wconf 88' lang='lat' dir='ltr'><strong>aut</strong></span> <span class='ocrx_word' id='word_1_40' title='bbox 1226 849 1406 918; x_wconf 68' lang='lat' dir='ltr'><strong>salmossa</strong></span> <span class='ocrx_word' id='word_1_41' title='bbox 1530 861 1531 912; x_wconf 74' lang='grc' dir='ltr'><strong>ξ</strong></span> 
     </span>
     <span class='ocr_line' id='line_1_6' title="bbox 272 948 1441 1035; baseline 0.002 -19"><span class='ocrx_word' id='word_1_42' title='bbox 272 948 468 1016; x_wconf 87' lang='lat' dir='ltr'><strong>condemnas.</strong></span> <span class='ocrx_word' id='word_1_43' title='bbox 498 949 532 1014; x_wconf 89' lang='lat' dir='ltr'><strong>in</strong></span> <span class='ocrx_word' id='word_1_44' title='bbox 554 968 615 1033; x_wconf 91' lang='lat' dir='ltr'><strong>quo</strong></span> <span class='ocrx_word' id='word_1_45' title='bbox 637 951 763 1033; x_wconf 89' lang='lat' dir='ltr'><strong>quidem</strong></span> <span class='ocrx_word' id='word_1_46' title='bbox 785 951 892 1035; x_wconf 85' lang='lat' dir='ltr'><strong>lugere</strong></span> <span class='ocrx_word' id='word_1_47' title='bbox 914 969 1022 1018; x_wconf 86' lang='lat' dir='ltr'><strong>omnes</strong></span> <span class='ocrx_word' id='word_1_48' title='bbox 1037 955 1162 1020; x_wconf 87' lang='lat' dir='ltr'><strong>sanctos</strong></span> <span class='ocrx_word' id='word_1_49' title='bbox 1178 971 1215 1018; x_wconf 90' lang='lat' dir='ltr'><strong>ao</strong></span> <span class='ocrx_word' id='word_1_50' title='bbox 1230 952 1303 1020; x_wconf 86' lang='lat' dir='ltr'><strong>flore</strong></span> <span class='ocrx_word' id='word_1_51' title='bbox 1326 972 1404 1022; x_wconf 90' lang='lat' dir='ltr'><strong>oon·</strong></span> <span class='ocrx_word' id='word_1_52' title='bbox 1427 977 1441 1018; x_wconf 74' lang='lat' dir='ltr'><strong>c</strong></span> 
     </span>
     <span class='ocr_line' id='line_1_7' title="bbox 271 1051 1531 1138; baseline 0.005 -21"><span class='ocrx_word' id='word_1_53' title='bbox 271 1051 368 1131; x_wconf 86' lang='lat' dir='ltr'><strong>uouit,</strong></span> <span class='ocrx_word' id='word_1_54' title='bbox 390 1053 471 1120; x_wconf 86' lang='lat' dir='ltr'><strong>nulli</strong></span> <span class='ocrx_word' id='word_1_55' title='bbox 493 1057 525 1119; x_wconf 92' lang='lat' dir='ltr'><strong>te</strong></span> <span class='ocrx_word' id='word_1_56' title='bbox 547 1055 581 1120; x_wconf 88' lang='lat' dir='ltr'><strong>et</strong></span> <span class='ocrx_word' id='word_1_57' title='bbox 602 1053 679 1120; x_wconf 88' lang='lat' dir='ltr'><strong>alios</strong></span> <span class='ocrx_word' id='word_1_58' title='bbox 702 1052 750 1120; x_wconf 88' lang='lat' dir='ltr'><strong>tui</strong></span> <span class='ocrx_word' id='word_1_59' title='bbox 772 1054 900 1133; x_wconf 78' lang='lat' dir='ltr'><strong>similes,</strong></span> <span class='ocrx_word' id='word_1_60' title='bbox 929 1055 1010 1120; x_wconf 90' lang='lat' dir='ltr'><strong>nulli</strong></span> <span class='ocrx_word' id='word_1_61' title='bbox 1034 1054 1146 1122; x_wconf 88' lang='lat' dir='ltr'><strong>minus.</strong></span> <span class='ocrx_word' id='word_1_62' title='bbox 1159 1074 1255 1138; x_wconf 93' lang='lat' dir='ltr'><strong>quam</strong></span> <span class='ocrx_word' id='word_1_63' title='bbox 1277 1055 1404 1123; x_wconf 78' lang='lat' dir='ltr'><strong>Christo</strong></span> <span class='ocrx_word' id='word_1_64' title='bbox 1530 1079 1531 1116; x_wconf 69' lang='lat' dir='ltr'><strong>r</strong></span> 
     </span>
     <span class='ocr_line' id='line_1_8' title="bbox 220 1150 1531 1244; baseline 0.007 -25"><span class='ocrx_word' id='word_1_65' title='bbox 220 1150 405 1223; x_wconf 70' lang='lat' dir='ltr'><strong>accredere.</strong></span> <span class='ocrx_word' id='word_1_66' title='bbox 444 1155 471 1223; x_wconf 93' lang='lat' dir='ltr'><strong>si</strong></span> <span class='ocrx_word' id='word_1_67' title='bbox 500 1156 560 1222; x_wconf 93' lang='lat' dir='ltr'><strong>tibi</strong></span> <span class='ocrx_word' id='word_1_68' title='bbox 588 1156 775 1240; x_wconf 74' lang='lat' dir='ltr'><strong>quicumque</strong></span> <span class='ocrx_word' id='word_1_69' title='bbox 806 1177 841 1222; x_wconf 84' lang='lat' dir='ltr'><strong>ex</strong></span> <span class='ocrx_word' id='word_1_70' title='bbox 870 1157 1060 1240; x_wconf 75' lang='lat' dir='ltr'><strong>cauponibus</strong></span> <span class='ocrx_word' id='word_1_71' title='bbox 1088 1158 1164 1240; x_wconf 92' lang='lat' dir='ltr'><strong>quid</strong></span> <span class='ocrx_word' id='word_1_72' title='bbox 1189 1161 1403 1244; x_wconf 75' lang='lat' dir='ltr'><strong>promitteret,</strong></span> <span class='ocrx_word' id='word_1_73' title='bbox 1530 1171 1531 1174; x_wconf 76' lang='grc'>’</span> 
     </span>
     <span class='ocr_line' id='line_1_9' title="bbox 272 1259 1531 1350; baseline 0.006 -26"><span class='ocrx_word' id='word_1_74' title='bbox 272 1259 366 1327; x_wconf 84' lang='lat' dir='ltr'><strong>fidem</strong></span> <span class='ocrx_word' id='word_1_75' title='bbox 394 1261 589 1344; x_wconf 82' lang='lat' dir='ltr'><strong>promittenti</strong></span> <span class='ocrx_word' id='word_1_76' title='bbox 617 1278 679 1327; x_wconf 91' lang='lat' dir='ltr'><strong>non</strong></span> <span class='ocrx_word' id='word_1_77' title='bbox 707 1259 893 1344; x_wconf 85' lang='lat' dir='ltr'><strong>abnegares:</strong></span> <span class='ocrx_word' id='word_1_78' title='bbox 923 1260 951 1324; x_wconf 89' lang='lat' dir='ltr'><strong>si</strong></span> <span class='ocrx_word' id='word_1_79' title='bbox 973 1262 1120 1328; x_wconf 89' lang='lat' dir='ltr'><strong>mutuum</strong></span> <span class='ocrx_word' id='word_1_80' title='bbox 1143 1281 1169 1343; x_wconf 88' lang='lat' dir='ltr'><strong>a</strong></span> <span class='ocrx_word' id='word_1_81' title='bbox 1183 1265 1215 1326; x_wconf 90' lang='lat' dir='ltr'><strong>te</strong></span> <span class='ocrx_word' id='word_1_82' title='bbox 1238 1263 1405 1349; x_wconf 82' lang='lat' dir='ltr'><strong>quippiam</strong></span> <span class='ocrx_word' id='word_1_83' title='bbox 1530 1331 1531 1350; x_wconf 13' lang='grc' dir='ltr'><strong>ξ</strong></span> 
     </span>
     <span class='ocr_line' id='line_1_10' title="bbox 271 1364 1531 1454; baseline 0.003 -26"><span class='ocrx_word' id='word_1_84' title='bbox 271 1364 399 1448; x_wconf 90' lang='lat' dir='ltr'><strong>propola</strong></span> <span class='ocrx_word' id='word_1_85' title='bbox 419 1365 475 1429; x_wconf 90' lang='lat' dir='ltr'><strong>aut</strong></span> <span class='ocrx_word' id='word_1_86' title='bbox 496 1366 701 1448; x_wconf 86' lang='lat' dir='ltr'><strong>salgamarius</strong></span> <span class='ocrx_word' id='word_1_87' title='bbox 729 1364 912 1448; x_wconf 90' lang='lat' dir='ltr'><strong>postularet,</strong></span> <span class='ocrx_word' id='word_1_88' title='bbox 942 1365 1136 1432; x_wconf 79' lang='lat' dir='ltr'><strong>reddIturum</strong></span> <span class='ocrx_word' id='word_1_89' title='bbox 1160 1385 1233 1430; x_wconf 90' lang='lat' dir='ltr'><strong>eum</strong></span> <span class='ocrx_word' id='word_1_90' title='bbox 1254 1385 1316 1432; x_wconf 89' lang='lat' dir='ltr'><strong>non</strong></span> <span class='ocrx_word' id='word_1_91' title='bbox 1339 1367 1405 1434; x_wconf 85' lang='lat' dir='ltr'><strong>dif-</strong></span> <span class='ocrx_word' id='word_1_92' title='bbox 1530 1449 1531 1454; x_wconf 5' lang='grc' dir='ltr'>ἵ</span> 
     </span>
     <span class='ocr_line' id='line_1_11' title="bbox 273 1467 1531 1564; baseline 0.006 -32"><span class='ocrx_word' id='word_1_93' title='bbox 273 1467 384 1554; x_wconf 79' lang='lat' dir='ltr'><strong>fideres</strong></span> <span class='ocrx_word' id='word_1_94' title='bbox 418 1468 496 1552; x_wconf 89' lang='lat' dir='ltr'><strong>qua&#39;e</strong></span> <span class='ocrx_word' id='word_1_95' title='bbox 530 1470 697 1536; x_wconf 78' lang='lat' dir='ltr'><strong>dedissesz·</strong></span> <span class='ocrx_word' id='word_1_96' title='bbox 717 1469 920 1536; x_wconf 75' lang='lat' dir='ltr'><strong>mendacibus</strong></span> <span class='ocrx_word' id='word_1_97' title='bbox 954 1468 1086 1554; x_wconf 90' lang='lat' dir='ltr'><strong>denique</strong></span> <span class='ocrx_word' id='word_1_98' title='bbox 1119 1470 1279 1536; x_wconf 90' lang='lat' dir='ltr'><strong>interdum</strong></span> <span class='ocrx_word' id='word_1_99' title='bbox 1309 1473 1407 1554; x_wconf 90' lang='lat' dir='ltr'><strong>atque</strong></span> <span class='ocrx_word' id='word_1_100' title='bbox 1416 1498 1441 1538; x_wconf 84' lang='lat'><strong>10</strong></span> <span class='ocrx_word' id='word_1_101' title='bbox 1530 1475 1531 1564; x_wconf 66' lang='lat' dir='ltr'><strong>l</strong></span> 
     </span>
     <span class='ocr_line' id='line_1_12' title="bbox 221 1570 1531 1664; baseline 0.002 -27"><span class='ocrx_word' id='word_1_102' title='bbox 221 1570 415 1656; x_wconf 72' lang='lat' dir='ltr'><strong>asperioris,</strong></span> <span class='ocrx_word' id='word_1_103' title='bbox 439 1572 581 1638; x_wconf 89' lang='lat' dir='ltr'><strong>cautione</strong></span> <span class='ocrx_word' id='word_1_104' title='bbox 603 1572 688 1640; x_wconf 85' lang='lat' dir='ltr'><strong>facta</strong></span> <span class='ocrx_word' id='word_1_105' title='bbox 709 1573 742 1637; x_wconf 91' lang='lat' dir='ltr'><strong>et</strong></span> <span class='ocrx_word' id='word_1_106' title='bbox 765 1573 837 1640; x_wconf 91' lang='lat' dir='ltr'><strong>dato</strong></span> <span class='ocrx_word' id='word_1_107' title='bbox 860 1573 1050 1654; x_wconf 86' lang='lat' dir='ltr'><strong>fideiussore,</strong></span> <span class='ocrx_word' id='word_1_108' title='bbox 1075 1592 1124 1638; x_wconf 89' lang='lat' dir='ltr'><strong>res</strong></span> <span class='ocrx_word' id='word_1_109' title='bbox 1147 1573 1292 1640; x_wconf 85' lang='lat' dir='ltr'><strong>creditur.</strong></span> <span class='ocrx_word' id='word_1_110' title='bbox 1316 1573 1407 1640; x_wconf 80' lang='lat' dir='ltr'><strong>dlri-</strong></span> <span class='ocrx_word' id='word_1_111' title='bbox 1530 1641 1531 1664; x_wconf 14' lang='grc' dir='ltr'>χ</span> 
     </span>
     <span class='ocr_line' id='line_1_13' title="bbox 272 1671 1531 1760; baseline 0 -18"><span class='ocrx_word' id='word_1_112' title='bbox 272 1677 339 1742; x_wconf 89' lang='lat' dir='ltr'><strong>stus</strong></span> <span class='ocrx_word' id='word_1_113' title='bbox 372 1675 433 1743; x_wconf 87' lang='lat' dir='ltr'><strong>tibi</strong></span> <span class='ocrx_word' id='word_1_114' title='bbox 462 1678 494 1740; x_wconf 93' lang='lat' dir='ltr'><strong>et</strong></span> <span class='ocrx_word' id='word_1_115' title='bbox 523 1675 739 1742; x_wconf 89' lang='lat' dir='ltr'><strong>fidelissimam</strong></span> <span class='ocrx_word' id='word_1_116' title='bbox 772 1677 948 1742; x_wconf 87' lang='lat' dir='ltr'><strong>cautionem</strong></span> <span class='ocrx_word' id='word_1_117' title='bbox 979 1678 1012 1742; x_wconf 90' lang='lat' dir='ltr'><strong>et</strong></span> <span class='ocrx_word' id='word_1_118' title='bbox 1037 1677 1233 1742; x_wconf 89' lang='lat' dir='ltr'><strong>fideiussores</strong></span> <span class='ocrx_word' id='word_1_119' title='bbox 1268 1678 1407 1760; x_wconf 89' lang='lat' dir='ltr'><strong>optimos</strong></span> <span class='ocrx_word' id='word_1_120' title='bbox 1530 1671 1531 1676; x_wconf 70' lang='grc'>’</span> 
     </span>
     <span class='ocr_line' id='line_1_14' title="bbox 274 1779 1407 1866; baseline 0.001 -21"><span class='ocrx_word' id='word_1_121' title='bbox 274 1780 370 1858; x_wconf 87' lang='lat' dir='ltr'><strong>dedit,</strong></span> <span class='ocrx_word' id='word_1_122' title='bbox 405 1779 581 1846; x_wconf 87' lang='lat' dir='ltr'><strong>cautionem</strong></span> <span class='ocrx_word' id='word_1_123' title='bbox 615 1780 733 1846; x_wconf 88' lang='lat' dir='ltr'><strong>scilicet</strong></span> <span class='ocrx_word' id='word_1_124' title='bbox 761 1781 795 1844; x_wconf 92' lang='lat' dir='ltr'><strong>in</strong></span> <span class='ocrx_word' id='word_1_125' title='bbox 819 1780 982 1864; x_wconf 90' lang='lat' dir='ltr'><strong>euangelio</strong></span> <span class='ocrx_word' id='word_1_126' title='bbox 1016 1779 1210 1848; x_wconf 87' lang='lat' dir='ltr'><strong>fideiussores</strong></span> <span class='ocrx_word' id='word_1_127' title='bbox 1245 1779 1407 1866; x_wconf 90' lang='lat' dir='ltr'><strong>apostolos</strong></span> 
     </span>
     <span class='ocr_line' id='line_1_15' title="bbox 230 1883 1531 1968; baseline 0.002 -21"><span class='ocrx_word' id='word_1_128' title='bbox 230 1955 233 1962; x_wconf 15' lang='lat' dir='ltr'><strong>q</strong></span> <span class='ocrx_word' id='word_1_129' title='bbox 273 1901 356 1960; x_wconf 86' lang='lat' dir='ltr'><strong>suos,</strong></span> <span class='ocrx_word' id='word_1_130' title='bbox 380 1886 411 1946; x_wconf 89' lang='lat' dir='ltr'><strong>et</strong></span> <span class='ocrx_word' id='word_1_131' title='bbox 434 1883 462 1948; x_wconf 93' lang='lat' dir='ltr'><strong>si</strong></span> <span class='ocrx_word' id='word_1_132' title='bbox 478 1883 510 1948; x_wconf 91' lang='lat' dir='ltr'><strong>id</strong></span> <span class='ocrx_word' id='word_1_133' title='bbox 533 1901 645 1964; x_wconf 87' lang='lat' dir='ltr'><strong>parum</strong></span> <span class='ocrx_word' id='word_1_134' title='bbox 667 1883 725 1959; x_wconf 90' lang='lat' dir='ltr'><strong>est,</strong></span> <span class='ocrx_word' id='word_1_135' title='bbox 748 1883 941 1966; x_wconf 90' lang='lat' dir='ltr'><strong>patriarchas</strong></span> <span class='ocrx_word' id='word_1_136' title='bbox 963 1885 1133 1968; x_wconf 84' lang='lat' dir='ltr'><strong>prophetas</strong></span> <span class='ocrx_word' id='word_1_137' title='bbox 1154 1884 1308 1968; x_wconf 89' lang='lat' dir='ltr'><strong>martyres</strong></span> <span class='ocrx_word' id='word_1_138' title='bbox 1332 1901 1407 1954; x_wconf 90' lang='lat' dir='ltr'><strong>suos</strong></span> <span class='ocrx_word' id='word_1_139' title='bbox 1530 1909 1531 1962; x_wconf 81' lang='lat'>3</span> 
     </span>
     <span class='ocr_line' id='line_1_16' title="bbox 274 1986 1531 2070; baseline 0.002 -20"><span class='ocrx_word' id='word_1_140' title='bbox 274 1987 375 2066; x_wconf 83' lang='lat' dir='ltr'><strong>totam</strong></span> <span class='ocrx_word' id='word_1_141' title='bbox 398 1987 528 2068; x_wconf 84' lang='lat' dir='ltr'><strong>denique</strong></span> <span class='ocrx_word' id='word_1_142' title='bbox 550 1986 731 2052; x_wconf 88' lang='lat' dir='ltr'><strong>diuinarum</strong></span> <span class='ocrx_word' id='word_1_143' title='bbox 753 1986 865 2052; x_wconf 88' lang='lat' dir='ltr'><strong>seriem</strong></span> <span class='ocrx_word' id='word_1_144' title='bbox 887 1989 1085 2054; x_wconf 90' lang='lat' dir='ltr'><strong>litterarum:</strong></span> <span class='ocrx_word' id='word_1_145' title='bbox 1115 1992 1146 2052; x_wconf 93' lang='lat' dir='ltr'><strong>et</strong></span> <span class='ocrx_word' id='word_1_146' title='bbox 1168 2007 1229 2054; x_wconf 91' lang='lat' dir='ltr'><strong>non</strong></span> <span class='ocrx_word' id='word_1_147' title='bbox 1252 1988 1354 2053; x_wconf 91' lang='lat' dir='ltr'><strong>credis</strong></span> <span class='ocrx_word' id='word_1_148' title='bbox 1378 1987 1442 2052; x_wconf 79' lang='lat' dir='ltr'><strong>eiu</strong></span> <span class='ocrx_word' id='word_1_149' title='bbox 1530 2017 1531 2070; x_wconf 84' lang='lat'>1</span> 
     </span>
     <span class='ocr_line' id='line_1_17' title="bbox 275 2085 1406 2175; baseline 0.001 -23"><span class='ocrx_word' id='word_1_150' title='bbox 275 2106 332 2154; x_wconf 91' lang='lat' dir='ltr'><strong>nec</strong></span> <span class='ocrx_word' id='word_1_151' title='bbox 353 2085 448 2154; x_wconf 89' lang='lat' dir='ltr'><strong>fidem</strong></span> <span class='ocrx_word' id='word_1_152' title='bbox 470 2089 672 2156; x_wconf 79' lang='lat' dir='ltr'><strong>commodae?</strong></span> <span class='ocrx_word' id='word_1_153' title='bbox 694 2108 796 2175; x_wconf 87' lang='lat' dir='ltr'><strong>quem,</strong></span> <span class='ocrx_word' id='word_1_154' title='bbox 819 2109 903 2175; x_wconf 89' lang='lat' dir='ltr'><strong>rogo,</strong></span> <span class='ocrx_word' id='word_1_155' title='bbox 927 2091 993 2157; x_wconf 87' lang='lat' dir='ltr'><strong>tam</strong></span> <span class='ocrx_word' id='word_1_156' title='bbox 1016 2091 1182 2174; x_wconf 90' lang='lat' dir='ltr'><strong>prodigum</strong></span> <span class='ocrx_word' id='word_1_157' title='bbox 1204 2093 1287 2156; x_wconf 89' lang='lat' dir='ltr'><strong>inter</strong></span> <span class='ocrx_word' id='word_1_158' title='bbox 1302 2089 1406 2156; x_wconf 90' lang='lat' dir='ltr'><strong>homi-</strong></span> 
     </span>
     <span class='ocr_line' id='line_1_18' title="bbox 273 2192 1531 2278; baseline 0.002 -22"><span class='ocrx_word' id='word_1_159' title='bbox 273 2210 328 2256; x_wconf 86' lang='lat' dir='ltr'><strong>nes</strong></span> <span class='ocrx_word' id='word_1_160' title='bbox 351 2211 387 2257; x_wconf 92' lang='lat' dir='ltr'><strong>ac</strong></span> <span class='ocrx_word' id='word_1_161' title='bbox 409 2195 477 2260; x_wconf 86' lang='lat' dir='ltr'><strong>taur</strong></span> <span class='ocrx_word' id='word_1_162' title='bbox 498 2192 648 2258; x_wconf 90' lang='lat' dir='ltr'><strong>miserum</strong></span> <span class='ocrx_word' id='word_1_163' title='bbox 671 2193 813 2259; x_wconf 90' lang='lat' dir='ltr'><strong>inuenire</strong></span> <span class='ocrx_word' id='word_1_164' title='bbox 833 2195 943 2277; x_wconf 66' lang='lat' dir='ltr'><strong>possis</strong></span> <span class='ocrx_word' id='word_1_165' title='bbox 967 2194 1017 2260; x_wconf 90' lang='lat' dir='ltr'><strong>cui</strong></span> <span class='ocrx_word' id='word_1_166' title='bbox 1032 2194 1126 2260; x_wconf 88' lang='lat' dir='ltr'><strong>fidem</strong></span> <span class='ocrx_word' id='word_1_167' title='bbox 1141 2195 1198 2259; x_wconf 91' lang='lat' dir='ltr'><strong>sub</strong></span> <span class='ocrx_word' id='word_1_168' title='bbox 1215 2198 1264 2259; x_wconf 89' lang='lat' dir='ltr'><strong>tot</strong></span> <span class='ocrx_word' id='word_1_169' title='bbox 1278 2192 1408 2258; x_wconf 87' lang='lat' dir='ltr'><strong>fideius·</strong></span> <span class='ocrx_word' id='word_1_170' title='bbox 1530 2237 1531 2278; x_wconf 31' lang='lat' dir='ltr'><strong>q</strong></span> 
     </span>
     <span class='ocr_line' id='line_1_19' title="bbox 274 2281 1531 2382; baseline 0.002 -22"><span class='ocrx_word' id='word_1_171' title='bbox 274 2295 395 2362; x_wconf 82' lang='lat' dir='ltr'><strong>sonibus</strong></span> <span class='ocrx_word' id='word_1_172' title='bbox 418 2293 612 2380; x_wconf 77' lang='lat' dir='ltr'><strong>denegares?</strong></span> <span class='ocrx_word' id='word_1_173' title='bbox 643 2297 697 2362; x_wconf 90' lang='lat' dir='ltr'><strong>das</strong></span> <span class='ocrx_word' id='word_1_174' title='bbox 721 2296 827 2379; x_wconf 90' lang='lat' dir='ltr'><strong>itaque</strong></span> <span class='ocrx_word' id='word_1_175' title='bbox 849 2315 898 2362; x_wconf 88' lang='lat' dir='ltr'><strong>res</strong></span> <span class='ocrx_word' id='word_1_176' title='bbox 921 2300 991 2362; x_wconf 86' lang='lat' dir='ltr'><strong>tuas</strong></span> <span class='ocrx_word' id='word_1_177' title='bbox 1010 2297 1103 2362; x_wconf 89' lang='lat' dir='ltr'><strong>diuiti</strong></span> <span class='ocrx_word' id='word_1_178' title='bbox 1122 2299 1154 2362; x_wconf 88' lang='lat' dir='ltr'><strong>et</strong></span> <span class='ocrx_word' id='word_1_179' title='bbox 1170 2296 1275 2381; x_wconf 82' lang='lat' dir='ltr'><strong>egenis</strong></span> <span class='ocrx_word' id='word_1_180' title='bbox 1297 2314 1407 2382; x_wconf 83' lang='lat' dir='ltr'><strong>negas,</strong></span> <span class='ocrx_word' id='word_1_181' title='bbox 1530 2281 1531 2304; x_wconf 65' lang='lat'>³</span> 
     </span>
     <span class='ocr_line' id='line_1_20' title="bbox 276 2397 1409 2483; baseline 0 -19"><span class='ocrx_word' id='word_1_182' title='bbox 276 2397 331 2477; x_wconf 91' lang='lat' dir='ltr'><strong>das</strong></span> <span class='ocrx_word' id='word_1_183' title='bbox 353 2399 520 2465; x_wconf 80' lang='lat' dir='ltr'><strong>luxuriosis</strong></span> <span class='ocrx_word' id='word_1_184' title='bbox 536 2400 569 2463; x_wconf 89' lang='lat' dir='ltr'><strong>et</strong></span> <span class='ocrx_word' id='word_1_185' title='bbox 583 2417 679 2483; x_wconf 87' lang='lat' dir='ltr'><strong>negas</strong></span> <span class='ocrx_word' id='word_1_186' title='bbox 702 2399 827 2477; x_wconf 80' lang='lat' dir='ltr'><strong>sanctis,</strong></span> <span class='ocrx_word' id='word_1_187' title='bbox 851 2399 906 2464; x_wconf 86' lang='lat' dir='ltr'><strong>das</strong></span> <span class='ocrx_word' id='word_1_188' title='bbox 929 2400 1111 2481; x_wconf 89' lang='lat' dir='ltr'><strong>cuicumque</strong></span> <span class='ocrx_word' id='word_1_189' title='bbox 1133 2399 1263 2466; x_wconf 85' lang='lat' dir='ltr'><strong>fortasse</strong></span> <span class='ocrx_word' id='word_1_190' title='bbox 1285 2401 1409 2482; x_wconf 89' lang='lat' dir='ltr'><strong>perdito</strong></span> 
     </span>
     <span class='ocr_line' id='line_1_21' title="bbox 274 2501 1442 2588; baseline 0.001 -21"><span class='ocrx_word' id='word_1_191' title='bbox 274 2504 306 2568; x_wconf 93' lang='lat' dir='ltr'><strong>et</strong></span> <span class='ocrx_word' id='word_1_192' title='bbox 335 2520 429 2586; x_wconf 87' lang='lat' dir='ltr'><strong>negas</strong></span> <span class='ocrx_word' id='word_1_193' title='bbox 451 2501 584 2568; x_wconf 79' lang='lat' dir='ltr'><strong>Christo.</strong></span> <span class='ocrx_word' id='word_1_194' title='bbox 621 2505 716 2585; x_wconf 92' lang='lat' dir='ltr'><strong>prout</strong></span> <span class='ocrx_word' id='word_1_195' title='bbox 746 2519 819 2586; x_wconf 87' lang='lat' dir='ltr'><strong>ergo</strong></span> <span class='ocrx_word' id='word_1_196' title='bbox 847 2502 994 2568; x_wconf 89' lang='lat' dir='ltr'><strong>iudicasti</strong></span> <span class='ocrx_word' id='word_1_197' title='bbox 1021 2502 1066 2567; x_wconf 87' lang='lat' dir='ltr'><strong>sic</strong></span> <span class='ocrx_word' id='word_1_198' title='bbox 1088 2502 1293 2588; x_wconf 72' lang='lat' dir='ltr'><strong>iudicaberis,</strong></span> <span class='ocrx_word' id='word_1_199' title='bbox 1325 2503 1442 2568; x_wconf 75' lang='lat' dir='ltr'><strong>sicutne</strong></span> 
     </span>
     <span class='ocr_line' id='line_1_22' title="bbox 276 2603 1409 2691; baseline 0.002 -22"><span class='ocrx_word' id='word_1_200' title='bbox 276 2606 400 2690; x_wconf 80' lang='lat' dir='ltr'><strong>elegisti</strong></span> <span class='ocrx_word' id='word_1_201' title='bbox 429 2605 475 2671; x_wconf 89' lang='lat' dir='ltr'><strong>sie</strong></span> <span class='ocrx_word' id='word_1_202' title='bbox 502 2603 648 2688; x_wconf 88' lang='lat' dir='ltr'><strong>recipies:</strong></span> <span class='ocrx_word' id='word_1_203' title='bbox 677 2623 740 2670; x_wconf 93' lang='lat' dir='ltr'><strong>non</strong></span> <span class='ocrx_word' id='word_1_204' title='bbox 762 2605 893 2672; x_wconf 92' lang='lat' dir='ltr'><strong>habebis</strong></span> <span class='ocrx_word' id='word_1_205' title='bbox 916 2625 987 2672; x_wconf 89' lang='lat' dir='ltr'><strong>cum</strong></span> <span class='ocrx_word' id='word_1_206' title='bbox 1010 2605 1132 2674; x_wconf 81' lang='lat' dir='ltr'><strong>Christo</strong></span> <span class='ocrx_word' id='word_1_207' title='bbox 1154 2612 1286 2690; x_wconf 84' lang='lat' dir='ltr'><strong>partem,</strong></span> <span class='ocrx_word' id='word_1_208' title='bbox 1309 2624 1409 2691; x_wconf 88' lang='lat' dir='ltr'><strong>quem</strong></span> 
     </span>
    </p>
   </div>
   <div class='ocr_carea' id='block_1_3' title="bbox 260 2708 1097 2794">
    <p class='ocr_par' dir='ltr' id='par_1_3' title="bbox 260 2708 1097 2794">
     <span class='ocr_line' id='line_1_23' title="bbox 260 2708 1097 2794; baseline -0.005 -16"><span class='ocrx_word' id='word_1_209' title='bbox 260 2708 457 2792; x_wconf 79' lang='lat' dir='ltr'><strong>despexisti:</strong></span> <span class='ocrx_word' id='word_1_210' title='bbox 482 2727 554 2784; x_wconf 89' lang='lat' dir='ltr'><strong>cum</strong></span> <span class='ocrx_word' id='word_1_211' title='bbox 577 2709 625 2774; x_wconf 88' lang='lat' dir='ltr'><strong>his</strong></span> <span class='ocrx_word' id='word_1_212' title='bbox 645 2708 787 2794; x_wconf 88' lang='lat' dir='ltr'><strong>habebis,</strong></span> <span class='ocrx_word' id='word_1_213' title='bbox 811 2727 888 2792; x_wconf 92' lang='lat' dir='ltr'><strong>quos</strong></span> <span class='ocrx_word' id='word_1_214' title='bbox 910 2711 1097 2794; x_wconf 86' lang='lat' dir='ltr'><strong>praetulisti.</strong></span> 
     </span>
    </p>
   </div>
   <div class='ocr_carea' id='block_1_4' title="bbox 221 2845 1441 3550">
    <p class='ocr_par' dir='ltr' id='par_1_4' title="bbox 221 2845 1441 3550">
     <span class='ocr_line' id='line_1_24' title="bbox 221 2845 1407 2931; baseline -0.005 -13"><span class='ocrx_word' id='word_1_215' title='bbox 221 2849 266 2918; x_wconf 80' lang='grc'><strong>40</strong></span> <span class='ocrx_word' id='word_1_216' title='bbox 316 2847 408 2912; x_wconf 84' lang='lat' dir='ltr'><strong>VIII.</strong></span> <span class='ocrx_word' id='word_1_217' title='bbox 441 2845 500 2913; x_wconf 82' lang='lat' dir='ltr'><strong>Sed</strong></span> <span class='ocrx_word' id='word_1_218' title='bbox 527 2847 607 2913; x_wconf 90' lang='lat' dir='ltr'><strong>dicit</strong></span> <span class='ocrx_word' id='word_1_219' title='bbox 635 2847 765 2914; x_wconf 86' lang='lat' dir='ltr'><strong>fortasse</strong></span> <span class='ocrx_word' id='word_1_220' title='bbox 792 2848 906 2931; x_wconf 89' lang='lat' dir='ltr'><strong>aliquis</strong></span> <span class='ocrx_word' id='word_1_221' title='bbox 928 2869 966 2915; x_wconf 84' lang='lat' dir='ltr'><strong>ex</strong></span> <span class='ocrx_word' id='word_1_222' title='bbox 987 2849 1161 2916; x_wconf 87' lang='lat' dir='ltr'><strong>infidelium</strong></span> <span class='ocrx_word' id='word_1_223' title='bbox 1184 2866 1321 2927; x_wconf 90' lang='lat' dir='ltr'><strong>numero,</strong></span> <span class='ocrx_word' id='word_1_224' title='bbox 1344 2865 1407 2913; x_wconf 90' lang='lat' dir='ltr'><strong>non</strong></span> 
     </span>
     <span class='ocr_line' id='line_1_25' title="bbox 274 2949 1408 3034; baseline -0.002 -18"><span class='ocrx_word' id='word_1_225' title='bbox 274 2949 404 3034; x_wconf 83' lang='lat' dir='ltr'><strong>dIgnem</strong></span> <span class='ocrx_word' id='word_1_226' title='bbox 432 2967 499 3016; x_wconf 88' lang='lat' dir='ltr'><strong>esse</strong></span> <span class='ocrx_word' id='word_1_227' title='bbox 527 2969 649 3016; x_wconf 83' lang='lat' dir='ltr'><strong>causam</strong></span> <span class='ocrx_word' id='word_1_228' title='bbox 679 2969 758 3034; x_wconf 87' lang='lat' dir='ltr'><strong>quae</strong></span> <span class='ocrx_word' id='word_1_229' title='bbox 787 2953 839 3017; x_wconf 93' lang='lat' dir='ltr'><strong>uel</strong></span> <span class='ocrx_word' id='word_1_230' title='bbox 866 2953 958 3018; x_wconf 90' lang='lat' dir='ltr'><strong>deum</strong></span> <span class='ocrx_word' id='word_1_231' title='bbox 987 2957 1113 3019; x_wconf 92' lang='lat' dir='ltr'><strong>moueat</strong></span> <span class='ocrx_word' id='word_1_232' title='bbox 1135 2953 1186 3017; x_wconf 91' lang='lat' dir='ltr'><strong>uel</strong></span> <span class='ocrx_word' id='word_1_233' title='bbox 1208 2952 1351 3017; x_wconf 88' lang='lat' dir='ltr'><strong>homines</strong></span> <span class='ocrx_word' id='word_1_234' title='bbox 1375 2949 1408 3014; x_wconf 91' lang='lat' dir='ltr'><strong>in</strong></span> 
     </span>
     <span class='ocr_line' id='line_1_26' title="bbox 275 3051 1441 3139; baseline -0.003 -20"><span class='ocrx_word' id='word_1_235' title='bbox 275 3054 443 3120; x_wconf 46' lang='lat' dir='ltr'><strong>aetornum*</strong></span> <span class='ocrx_word' id='word_1_236' title='bbox 474 3054 648 3137; x_wconf 89' lang='lat' dir='ltr'><strong>periculum</strong></span> <span class='ocrx_word' id='word_1_237' title='bbox 684 3054 801 3120; x_wconf 85' lang='lat' dir='ltr'><strong>trahat.</strong></span> <span class='ocrx_word' id='word_1_238' title='bbox 845 3055 910 3121; x_wconf 91' lang='lat' dir='ltr'><strong>scio</strong></span> <span class='ocrx_word' id='word_1_239' title='bbox 944 3052 1071 3139; x_wconf 90' lang='lat' dir='ltr'><strong>quidem</strong></span> <span class='ocrx_word' id='word_1_240' title='bbox 1104 3055 1185 3137; x_wconf 89' lang='lat' dir='ltr'><strong>quod</strong></span> <span class='ocrx_word' id='word_1_241' title='bbox 1217 3073 1326 3120; x_wconf 89' lang='lat' dir='ltr'><strong>omnes</strong></span> <span class='ocrx_word' id='word_1_242' title='bbox 1362 3051 1441 3118; x_wconf 77' lang='lat' dir='ltr'><strong>reia</strong></span> 
     </span>
     <span class='ocr_line' id='line_1_27' title="bbox 274 3155 1438 3241; baseline -0.001 -19"><span class='ocrx_word' id='word_1_243' title='bbox 274 3155 447 3224; x_wconf 90' lang='lat' dir='ltr'><strong>ueniabiles</strong></span> <span class='ocrx_word' id='word_1_244' title='bbox 474 3157 588 3241; x_wconf 87' lang='lat' dir='ltr'><strong>pntant</strong></span> <span class='ocrx_word' id='word_1_245' title='bbox 618 3175 741 3240; x_wconf 88' lang='lat' dir='ltr'><strong>semper</strong></span> <span class='ocrx_word' id='word_1_246' title='bbox 769 3158 875 3223; x_wconf 88' lang='lat' dir='ltr'><strong>reatus</strong></span> <span class='ocrx_word' id='word_1_247' title='bbox 905 3175 989 3223; x_wconf 90' lang='lat' dir='ltr'><strong>sues.</strong></span> <span class='ocrx_word' id='word_1_248' title='bbox 1026 3175 1099 3224; x_wconf 90' lang='lat' dir='ltr'><strong>nam</strong></span> <span class='ocrx_word' id='word_1_249' title='bbox 1120 3162 1153 3222; x_wconf 91' lang='lat' dir='ltr'><strong>et</strong></span> <span class='ocrx_word' id='word_1_250' title='bbox 1174 3155 1405 3222; x_wconf 71' lang='lat' dir='ltr'><strong>furta&#39;furibus</strong></span> <span class='ocrx_word' id='word_1_251' title='bbox 1436 3195 1438 3198; x_wconf 95' lang='lat'>-</span> 
     </span>
     <span class='ocr_line' id='line_1_28' title="bbox 273 3257 1405 3344; baseline 0 -21"><span class='ocrx_word' id='word_1_252' title='bbox 273 3258 360 3324; x_wconf 89' lang='lat' dir='ltr'><strong>leues</strong></span> <span class='ocrx_word' id='word_1_253' title='bbox 383 3258 492 3344; x_wconf 87' lang='lat' dir='ltr'><strong>culpae</strong></span> <span class='ocrx_word' id='word_1_254' title='bbox 514 3262 590 3325; x_wconf 90' lang='lat' dir='ltr'><strong>sunt</strong></span> <span class='ocrx_word' id='word_1_255' title='bbox 611 3263 643 3324; x_wconf 91' lang='lat' dir='ltr'><strong>et</strong></span> <span class='ocrx_word' id='word_1_256' title='bbox 666 3257 798 3326; x_wconf 87' lang='lat' dir='ltr'><strong>innocuo</strong></span> <span class='ocrx_word' id='word_1_257' title='bbox 821 3260 949 3325; x_wconf 86' lang='lat' dir='ltr'><strong>ebriosis</strong></span> <span class='ocrx_word' id='word_1_258' title='bbox 971 3260 1098 3324; x_wconf 85' lang='lat' dir='ltr'><strong>uidetur</strong></span> <span class='ocrx_word' id='word_1_259' title='bbox 1118 3257 1252 3324; x_wconf 85' lang='lat' dir='ltr'><strong>ebrietas</strong></span> <span class='ocrx_word' id='word_1_260' title='bbox 1275 3261 1306 3322; x_wconf 89' lang='lat' dir='ltr'><strong>et</strong></span> <span class='ocrx_word' id='word_1_261' title='bbox 1322 3259 1405 3342; x_wconf 88' lang='lat' dir='ltr'><strong>apud</strong></span> 
     </span>
     <span class='ocr_line' id='line_1_29' title="bbox 274 3360 1406 3445; baseline -0.001 -19"><span class='ocrx_word' id='word_1_262' title='bbox 274 3363 439 3444; x_wconf 82' lang='lat' dir='ltr'><strong>inpndIcos</strong></span> <span class='ocrx_word' id='word_1_263' title='bbox 458 3362 625 3428; x_wconf 81' lang='lat' dir='ltr'><strong>fornicatio</strong></span> <span class='ocrx_word' id='word_1_264' title='bbox 648 3362 750 3427; x_wconf 86' lang='lat' dir='ltr'><strong>scelus</strong></span> <span class='ocrx_word' id='word_1_265' title='bbox 773 3379 834 3429; x_wconf 94' lang='lat' dir='ltr'><strong>non</strong></span> <span class='ocrx_word' id='word_1_266' title='bbox 857 3365 915 3442; x_wconf 90' lang='lat' dir='ltr'><strong>est,</strong></span> <span class='ocrx_word' id='word_1_267' title='bbox 942 3362 1016 3445; x_wconf 81' lang='lat' dir='ltr'><strong>qula</strong></span> <span class='ocrx_word' id='word_1_268' title='bbox 1044 3362 1167 3428; x_wconf 84' lang='lat' dir='ltr'><strong>nullam</strong></span> <span class='ocrx_word' id='word_1_269' title='bbox 1189 3360 1315 3426; x_wconf 89' lang='lat' dir='ltr'><strong>omnino</strong></span> <span class='ocrx_word' id='word_1_270' title='bbox 1338 3365 1406 3425; x_wconf 90' lang='lat' dir='ltr'><strong>tanr</strong></span> 
     </span>
     <span class='ocr_line' id='line_1_30' title="bbox 274 3461 1404 3550; baseline -0.004 -21"><span class='ocrx_word' id='word_1_271' title='bbox 274 3464 391 3550; x_wconf 89' lang='lat' dir='ltr'><strong>grande</strong></span> <span class='ocrx_word' id='word_1_272' title='bbox 418 3465 535 3531; x_wconf 88' lang='lat' dir='ltr'><strong>crimen</strong></span> <span class='ocrx_word' id='word_1_273' title='bbox 561 3466 617 3542; x_wconf 88' lang='lat' dir='ltr'><strong>est,</strong></span> <span class='ocrx_word' id='word_1_274' title='bbox 649 3466 731 3548; x_wconf 94' lang='lat' dir='ltr'><strong>quod</strong></span> <span class='ocrx_word' id='word_1_275' title='bbox 754 3484 814 3531; x_wconf 93' lang='lat' dir='ltr'><strong>non</strong></span> <span class='ocrx_word' id='word_1_276' title='bbox 837 3466 926 3531; x_wconf 90' lang='lat' dir='ltr'><strong>cuius</strong></span> <span class='ocrx_word' id='word_1_277' title='bbox 948 3465 1083 3531; x_wconf 82' lang='lat' dir='ltr'><strong>facinore</strong></span> <span class='ocrx_word' id='word_1_278' title='bbox 1106 3463 1314 3530; x_wconf 81' lang='lat' dir='ltr'><strong>commIttitur</strong></span> <span class='ocrx_word' id='word_1_279' title='bbox 1337 3461 1404 3526; x_wconf 90' lang='lat' dir='ltr'><strong>eius</strong></span> 
     </span>
    </p>
   </div>
   <div class='ocr_carea' id='block_1_5' title="bbox 274 3766 1407 4361">
    <p class='ocr_par' dir='ltr' id='par_1_5' title="bbox 274 3766 1407 4361">
     <span class='ocr_line' id='line_1_31' title="bbox 327 3766 1406 3842; baseline -0.009 -12"><span class='ocrx_word' id='word_1_280' title='bbox 327 3777 340 3830; x_wconf 92' lang='lat'>1</span> <span class='ocrx_word' id='word_1_281' title='bbox 366 3774 540 3831; x_wconf 74' lang='lat' dir='ltr'><strong>dilmameuta</strong></span> <span class='ocrx_word' id='word_1_282' title='bbox 562 3771 619 3828; x_wconf 83' lang='lat' dir='ltr'><strong>AB</strong></span> <span class='ocrx_word' id='word_1_283' title='bbox 722 3773 739 3828; x_wconf 82' lang='lat' dir='ltr'><strong>&#39;l</strong></span> <span class='ocrx_word' id='word_1_284' title='bbox 763 3774 934 3842; x_wconf 86' lang='lat' dir='ltr'><strong>promitteret</strong></span> <span class='ocrx_word' id='word_1_285' title='bbox 957 3787 994 3827; x_wconf 79' lang='lat' dir='ltr'><strong>eor</strong></span> <span class='ocrx_word' id='word_1_286' title='bbox 1015 3770 1184 3840; x_wconf 83' lang='lat' dir='ltr'><strong>promItterIt</strong></span> <span class='ocrx_word' id='word_1_287' title='bbox 1199 3785 1272 3826; x_wconf 86' lang='lat' dir='ltr'><strong>corr.</strong></span> <span class='ocrx_word' id='word_1_288' title='bbox 1290 3786 1326 3826; x_wconf 86' lang='lat' dir='ltr'><strong>m.</strong></span> <span class='ocrx_word' id='word_1_289' title='bbox 1343 3771 1363 3822; x_wconf 79' lang='lat'><strong><em>2</em></strong></span> <span class='ocrx_word' id='word_1_290' title='bbox 1380 3766 1406 3820; x_wconf 99' lang='lat' dir='ltr'><strong><em>A</em></strong></span> 
     </span>
     <span class='ocr_line' id='line_1_32' title="bbox 275 3855 1339 3930; baseline -0.008 -12"><span class='ocrx_word' id='word_1_291' title='bbox 275 3859 442 3930; x_wconf 70' lang='lat' dir='ltr'><strong>penetrarit</strong></span> <span class='ocrx_word' id='word_1_292' title='bbox 458 3859 487 3914; x_wconf 87' lang='lat' dir='ltr'><strong><em>B</em></strong></span> <span class='ocrx_word' id='word_1_293' title='bbox 581 3859 599 3912; x_wconf 85' lang='grc'>9</span> <span class='ocrx_word' id='word_1_294' title='bbox 616 3860 730 3929; x_wconf 88' lang='lat' dir='ltr'><strong>propnla</strong></span> <span class='ocrx_word' id='word_1_295' title='bbox 747 3859 801 3914; x_wconf 87' lang='lat' dir='ltr'><strong>AB</strong></span> <span class='ocrx_word' id='word_1_296' title='bbox 886 3858 1116 3928; x_wconf 74' lang='lat' dir='ltr'><strong>salgamentarius</strong></span> <span class='ocrx_word' id='word_1_297' title='bbox 1133 3855 1177 3912; x_wconf 83' lang='lat' dir='ltr'><strong>cd.</strong></span> <span class='ocrx_word' id='word_1_298' title='bbox 1195 3856 1339 3920; x_wconf 76' lang='lat' dir='ltr'><strong>Bulustae</strong></span> 
     </span>
     <span class='ocr_line' id='line_1_33' title="bbox 275 3941 1338 4015; baseline -0.008 -11"><span class='ocrx_word' id='word_1_299' title='bbox 275 3947 421 4010; x_wconf 75' lang='lat' dir='ltr'><strong>diffideres]</strong></span> <span class='ocrx_word' id='word_1_300' title='bbox 441 3945 575 4004; x_wconf 78' lang='lat' dir='ltr'><strong>dosideres</strong></span> <span class='ocrx_word' id='word_1_301' title='bbox 592 3961 613 4002; x_wconf 87' lang='lat' dir='ltr'><strong>e.</strong></span> <span class='ocrx_word' id='word_1_302' title='bbox 632 3947 786 4015; x_wconf 76' lang='lat' dir='ltr'><strong>epumult.</strong></span> <span class='ocrx_word' id='word_1_303' title='bbox 799 3961 851 4002; x_wconf 84' lang='lat' dir='ltr'><strong>scr.</strong></span> <span class='ocrx_word' id='word_1_304' title='bbox 863 3947 931 4000; x_wconf 75' lang='lat' dir='ltr'><strong>oa2</strong></span> <span class='ocrx_word' id='word_1_305' title='bbox 947 3959 977 4000; x_wconf 83' lang='lat' dir='ltr'><strong>ra</strong></span> <span class='ocrx_word' id='word_1_306' title='bbox 994 3943 1023 3998; x_wconf 87' lang='lat' dir='ltr'><em>B</em></span> <span class='ocrx_word' id='word_1_307' title='bbox 1118 3943 1150 3997; x_wconf 86' lang='lat'><strong>11</strong></span> <span class='ocrx_word' id='word_1_308' title='bbox 1168 3941 1294 4012; x_wconf 86' lang='lat' dir='ltr'><strong>periuriis</strong></span> <span class='ocrx_word' id='word_1_309' title='bbox 1312 3942 1338 3996; x_wconf 99' lang='lat' dir='ltr'><strong><em>A</em></strong></span> 
     </span>
     <span class='ocr_line' id='line_1_34' title="bbox 275 4024 1407 4103; baseline -0.009 -15"><span class='ocrx_word' id='word_1_310' title='bbox 275 4035 309 4089; x_wconf 78' lang='lat'><strong>15</strong></span> <span class='ocrx_word' id='word_1_311' title='bbox 327 4033 432 4103; x_wconf 83' lang='lat' dir='ltr'><strong>seriem]</strong></span> <span class='ocrx_word' id='word_1_312' title='bbox 451 4033 571 4100; x_wconf 71' lang='lat' dir='ltr'><strong>crtudu.</strong></span> <span class='ocrx_word' id='word_1_313' title='bbox 587 4033 649 4088; x_wconf 73' lang='lat' dir='ltr'><strong>ott.</strong></span> <span class='ocrx_word' id='word_1_314' title='bbox 668 4032 710 4094; x_wconf 83' lang='lat' dir='ltr'><strong>ud,</strong></span> <span class='ocrx_word' id='word_1_315' title='bbox 719 4047 750 4100; x_wconf 89' lang='lat' dir='ltr'><strong>p.</strong></span> <span class='ocrx_word' id='word_1_316' title='bbox 768 4035 829 4099; x_wconf 86' lang='grc'><strong><em>169,</em></strong></span> <span class='ocrx_word' id='word_1_317' title='bbox 847 4035 885 4086; x_wconf 77' lang='lat'><strong>26</strong></span> <span class='ocrx_word' id='word_1_318' title='bbox 978 4029 1010 4084; x_wconf 81' lang='lat' dir='ltr'><strong>l‘l</strong></span> <span class='ocrx_word' id='word_1_319' title='bbox 1028 4044 1119 4098; x_wconf 85' lang='lat' dir='ltr'><strong>posses</strong></span> <span class='ocrx_word' id='word_1_320' title='bbox 1136 4028 1166 4084; x_wconf 89' lang='lat' dir='ltr'><em>B</em></span> <span class='ocrx_word' id='word_1_321' title='bbox 1258 4027 1292 4082; x_wconf 81' lang='lat'><strong>19</strong></span> <span class='ocrx_word' id='word_1_322' title='bbox 1309 4024 1407 4090; x_wconf 81' lang='lat' dir='ltr'><strong>luxori-</strong></span> 
     </span>
     <span class='ocr_line' id='line_1_35' title="bbox 274 4111 1407 4188; baseline -0.007 -14"><span class='ocrx_word' id='word_1_323' title='bbox 274 4120 328 4175; x_wconf 85' lang='lat' dir='ltr'><strong>osis</strong></span> <span class='ocrx_word' id='word_1_324' title='bbox 345 4119 373 4174; x_wconf 84' lang='lat' dir='ltr'><strong><em>A</em></strong></span> <span class='ocrx_word' id='word_1_325' title='bbox 469 4119 502 4174; x_wconf 80' lang='lat'><strong>21</strong></span> <span class='ocrx_word' id='word_1_326' title='bbox 521 4118 627 4188; x_wconf 83' lang='lat' dir='ltr'><strong>elegisti</strong></span> <span class='ocrx_word' id='word_1_327' title='bbox 646 4119 818 4188; x_wconf 64' lang='lat' dir='ltr'><strong>scripsimus:</strong></span> <span class='ocrx_word' id='word_1_328' title='bbox 845 4116 925 4187; x_wconf 81' lang='lat' dir='ltr'><strong>eligis</strong></span> <span class='ocrx_word' id='word_1_329' title='bbox 941 4118 970 4172; x_wconf 86' lang='lat' dir='ltr'><strong><em>A</em></strong></span> <span class='ocrx_word' id='word_1_330' title='bbox 996 4115 1077 4185; x_wconf 80' lang='lat' dir='ltr'><strong>eligis</strong></span> <span class='ocrx_word' id='word_1_331' title='bbox 1094 4129 1130 4172; x_wconf 77' lang='lat' dir='ltr'><strong>aa</strong></span> <span class='ocrx_word' id='word_1_332' title='bbox 1146 4113 1229 4182; x_wconf 81' lang='lat' dir='ltr'><strong>elegis</strong></span> <span class='ocrx_word' id='word_1_333' title='bbox 1246 4127 1320 4168; x_wconf 85' lang='lat' dir='ltr'><strong>corr.</strong></span> <span class='ocrx_word' id='word_1_334' title='bbox 1338 4127 1372 4166; x_wconf 81' lang='lat' dir='ltr'><strong>m.</strong></span> <span class='ocrx_word' id='word_1_335' title='bbox 1389 4111 1407 4166; x_wconf 73' lang='grc'><strong><em>6</em></strong></span> 
     </span>
     <span class='ocr_line' id='line_1_36' title="bbox 276 4197 1407 4275; baseline -0.007 -15"><span class='ocrx_word' id='word_1_336' title='bbox 276 4205 303 4260; x_wconf 86' lang='grc' dir='ltr'><strong><em>Β</em></strong></span> <span class='ocrx_word' id='word_1_337' title='bbox 320 4205 444 4275; x_wconf 84' lang='lat' dir='ltr'><strong>(elegeris</strong></span> <span class='ocrx_word' id='word_1_338' title='bbox 461 4205 504 4272; x_wconf 85' lang='lat' dir='ltr'><strong>b),·</strong></span> <span class='ocrx_word' id='word_1_339' title='bbox 529 4203 584 4270; x_wconf 71' lang='lat' dir='ltr'><strong>cfr·</strong></span> <span class='ocrx_word' id='word_1_340' title='bbox 600 4219 651 4260; x_wconf 82' lang='lat' dir='ltr'><strong>uos</strong></span> <span class='ocrx_word' id='word_1_341' title='bbox 668 4203 818 4262; x_wconf 73' lang='lat' dir='ltr'><strong>Sita-Ber.</strong></span> <span class='ocrx_word' id='word_1_342' title='bbox 833 4219 864 4272; x_wconf 84' lang='lat' dir='ltr'><strong>p.</strong></span> <span class='ocrx_word' id='word_1_343' title='bbox 881 4206 918 4260; x_wconf 83' lang='lat'><strong>36</strong></span> <span class='ocrx_word' id='word_1_344' title='bbox 1016 4202 1056 4256; x_wconf 55' lang='lat'><strong>¹22</strong></span> <span class='ocrx_word' id='word_1_345' title='bbox 1073 4199 1213 4270; x_wconf 74' lang='lat' dir='ltr'><strong>dispexisti</strong></span> <span class='ocrx_word' id='word_1_346' title='bbox 1230 4201 1258 4254; x_wconf 95' lang='lat' dir='ltr'><strong><em>A</em></strong></span> <span class='ocrx_word' id='word_1_347' title='bbox 1284 4197 1355 4267; x_wconf 82' lang='lat' dir='ltr'><strong>dorp.</strong></span> <span class='ocrx_word' id='word_1_348' title='bbox 1373 4209 1407 4252; x_wconf 76' lang='lat' dir='ltr'><strong>aa</strong></span> 
     </span>
     <span class='ocr_line' id='line_1_37' title="bbox 275 4287 1171 4361; baseline -0.004 -15"><span class='ocrx_word' id='word_1_349' title='bbox 275 4291 344 4360; x_wconf 78' lang='lat' dir='ltr'><strong>disp.</strong></span> <span class='ocrx_word' id='word_1_350' title='bbox 362 4307 432 4347; x_wconf 79' lang='lat' dir='ltr'><strong>corr.</strong></span> <span class='ocrx_word' id='word_1_351' title='bbox 449 4293 517 4352; x_wconf 66' lang='grc' dir='ltr'><em>Μ</em></span> <span class='ocrx_word' id='word_1_352' title='bbox 532 4292 561 4348; x_wconf 87' lang='grc' dir='ltr'><strong><em>Β</em></strong></span> <span class='ocrx_word' id='word_1_353' title='bbox 664 4289 774 4361; x_wconf 79' lang='lat' dir='ltr'><strong>quossi</strong></span> <span class='ocrx_word' id='word_1_354' title='bbox 791 4289 961 4346; x_wconf 79' lang='lat' dir='ltr'><strong>BHutma&#39;ce</strong></span> <span class='ocrx_word' id='word_1_355' title='bbox 987 4290 1012 4344; x_wconf 86' lang='lat' dir='ltr'><strong>si</strong></span> <span class='ocrx_word' id='word_1_356' title='bbox 1030 4303 1081 4344; x_wconf 81' lang='lat' dir='ltr'><strong>om.</strong></span> <span class='ocrx_word' id='word_1_357' title='bbox 1098 4287 1171 4356; x_wconf 59' lang='grc' dir='ltr'><strong>ΔΨ)</strong></span> 
     </span>
    </p>
   </div>
   <div class='ocr_carea' id='block_1_6' title="bbox 0 0 1556 5018">
    <p class='ocr_par' dir='ltr' id='par_1_6' title="bbox 0 0 1556 5018">
     <span class='ocr_line' id='line_1_38' title="bbox 0 0 1556 5018; baseline 0 0"><span class='ocrx_word' id='word_1_358' title='bbox 0 0 1556 5018; x_wconf 95' lang='lat' dir='ltr'><strong> </strong></span> 
     </span>
    </p>
   </div>
  </div>
 </body>
</html>
