3068 5012
288 389 349 454 162
774 379 931 435 Saluiani

286 580 439 644 ieetarnm
476 580 554 642 erat.
603 593 640 640 ex
673 589 733 656 quo
771 569 914 654 intellegi
951 569 1054 652 potest
1091 573 1245 650 quantum
1283 583 1417 630 oaenum

285 681 515 764 impudicarum
550 679 689 745 sordium
723 676 828 753 luerit,
861 673 917 740 ubi
947 673 1004 738 sub
1033 671 1254 756 impurissimis
1282 671 1417 736 dominis

268 785 390 849 uastas
413 803 489 866 asse,
513 782 637 848 etiamsi
659 779 844 855 uoluissent,
871 777 1005 844 feminas
1028 793 1090 841 non
1112 775 1237 840 hostat.

235 893 273 956 21
330 887 367 952 V.
400 887 458 954 Sed
481 887 630 954 uidelicet
653 885 781 952 difficile
803 884 860 948 hoo
881 881 1007 965 probari
1020 882 1124 963 potest
1139 882 1173 946 et
1188 880 1278 946 nulla
1292 881 1417 946 omnino

286 992 394 1056 extant
432 990 676 1073 praeteritarum
713 987 946 1072 turpitudinum
982 984 1238 1068 flagitiorumque
1270 985 1457 1068 uestigia5

285 1113 354 1159 eree
379 1096 475 1160 etiam
497 1111 581 1160 nuno
603 1092 698 1159 multi
721 1111 757 1156 ex
775 1092 830 1168 eis,
852 1089 928 1156 lieet
948 1090 1053 1173 patria
1074 1090 1200 1154 oareunt
1222 1089 1255 1152 ot
1276 1089 1308 1155 in
1331 1106 1418 1154 oom-

284 1197 448 1281 paratione
469 1197 712 1281 praeteritarum
735 1213 829 1278 opum
851 1213 999 1276 pauperes
1021 1192 1144 1274 uiuant,
1175 1191 1293 1274 peiores
1317 1192 1417 1258 fermo

285 1303 360 1366 sunt
388 1318 483 1382 quam
513 1302 648 1366 luerunt.
687 1298 808 1383 peiores
833 1300 938 1363 autem
962 1315 1025 1362 non
1046 1316 1107 1363 nno
1130 1299 1231 1375 modo,
1261 1297 1335 1379 quia
1357 1297 1420 1362 etsi

286 1403 394 1470 eadem
417 1404 538 1470 faciunt
560 1421 638 1488 qnae
660 1404 734 1469 ante
756 1401 925 1483 iaciebant,
949 1401 1008 1466 hoo
1030 1402 1098 1481 ipso
1121 1401 1227 1464 tamen
1249 1399 1422 1466 deteriores*

285 1509 367 1587 sunt,
398 1508 471 1590 quia
501 1509 655 1574 eseslere
684 1525 745 1572 non
773 1506 906 1570 mssant.
945 1503 1101 1584 siqnidem
1129 1503 1267 1568 faeinora
1295 1521 1459 1581 eorum,1o

285 1611 346 1676 etsi
368 1630 480 1696 genere
502 1612 569 1693 ipso
592 1611 710 1676 maiore
732 1627 793 1675 non
815 1609 889 1686 sint,
919 1610 1059 1672 attamen
1082 1606 1174 1687 plura
1197 1608 1280 1689 sunt,
1304 1625 1419 1689 asper

285 1714 343 1779 lnoo
372 1714 432 1780 elsi
461 1713 629 1779 eriminum
659 1715 800 1778 nouitate
829 1728 891 1776 nou
919 1713 1069 1789 creseere,
1101 1709 1284 1792 pluralitate
1306 1728 1418 1778 numu·

233 1819 274 1883 22
285 1816 401 1882 lentur.
438 1817 519 1881 adde
552 1819 659 1880 autern
692 1814 774 1896 quod
807 1813 892 1894 haee,
926 1811 1061 1889 aidini,
1095 1811 1217 1876 faeiunt
1239 1813 1304 1878 iam
1326 1832 1417 1880 senes

284 1920 360 1985 adde
383 1923 465 2000 quod
487 1939 655 2002 pauperes3
683 1922 850 1999 utrumque
873 1916 957 1981 enim
980 1914 1105 1981 sceleris
1129 1918 1334 1999 augmentum
1357 1918 1416 1982 est.

283 2022 386 2088 minna
414 2022 569 2105 siquidem
596 2021 811 2106 prodigiosum
839 2019 887 2086 est
917 2037 1046 2103 peecare
1068 2020 1196 2089 iuuenes
1219 2039 1344 2102 peecare
1367 2022 1455 2087 lora

284 2125 432 2207 eupletes.
470 2144 550 2208 quae
577 2127 683 2192 autem
711 2125 745 2190 in
773 2124 823 2188 his
850 2141 921 2205 spes
944 2125 999 2186 aut
1022 2122 1196 2188 remedium
1218 2126 1276 2200 est,
1301 2125 1354 2208 qui
1377 2127 1418 2192 ab

283 2229 400 2293 usitata
427 2230 611 2310 impuritate
640 2246 699 2294 neo
726 2228 924 2292 miseriarum
953 2228 1092 2308 egestate
1119 2244 1177 2292 neo
1208 2229 1292 2293 uitae
1314 2232 1418 2294 extre-

283 2334 394 2398 mitate
410 2335 621 2399 renodantur?
643 2332 709 2399 esto
725 2331 809 2396 enim
831 2331 982 2413 quosdam
1001 2332 1057 2396 aut
1079 2330 1180 2395 stulta
1201 2331 1417 2414 praesumptio

283 2435 396 2520 longae
429 2436 515 2502 uitae
537 2438 593 2502 ant
622 2455 692 2520 spos
723 2435 905 2519 quandoque
934 2435 1071 2518 agendae
1101 2433 1312 2516 paenitentiae
1342 2453 1417 2501 eon-

282 2539 415 2604 soleturz
450 2558 551 2606 nonne
585 2556 702 2606 nouum
734 2540 793 2603 hoe
826 2539 960 2604 monstri
987 2556 1085 2620 genus
1113 2542 1159 2602 est
1190 2556 1256 2604 esse
1289 2538 1413 2620 aliquos
1426 2568 1455 2608 so

283 2641 379 2707 etiam
401 2642 435 2706 in
458 2643 559 2708 morte
583 2641 734 2710 uitiosos?
764 2659 843 2723 qnae
866 2659 939 2706 enm
953 2642 999 2708 ita
1013 2642 1087 2717 sint,
1109 2642 1262 2723 numquid
1286 2645 1334 2706 est
1356 2643 1416 2708 ali·

282 2743 367 2823 quid,
398 2743 479 2825 quod
509 2745 571 2811 diei
599 2746 734 2829 amplius
762 2745 885 2827 possit?
919 2745 973 2810 sed
1001 2745 1104 2812 adhue
1132 2747 1238 2810 umen
1260 2745 1416 2825 addimus,

283 2845 404 2912 seilioet
433 2848 516 2929 qnod
543 2848 638 2913 multi
667 2847 744 2914 haee
773 2851 871 2930 agunt
893 2847 985 2913 hodie
1009 2847 1107 2914 etiam
1128 2849 1212 2914 inter
1234 2849 1338 2916 hostes
1361 2849 1416 2916 siti

283 2951 313 3012 et
336 2950 490 3016 cotidiano
506 2951 687 3016 discrimine
702 2952 865 3016 aetimare
880 2953 1008 3034 eaptini,
1031 2969 1165 3032 eumque
1180 2953 1220 3016 ob
1234 2952 1416 3035 impurissi-

283 3068 368 3119 mam
391 3052 493 3118 uitam
517 3054 628 3118 traditi
651 3072 670 3118 a
692 3056 747 3123 deo
770 3053 912 3119 barbaris
935 3054 1061 3131 fuerint,
1084 3055 1285 3138 impuritates
1307 3059 1452 3124 tamense

283 3153 366 3236 ipsas
389 3158 484 3222 etiam
506 3157 591 3223 inter
613 3156 760 3226 barbaros
787 3175 850 3224 non
871 3157 1062 3241 relinquunt.

230 3259 272 3324 23
325 3259 382 3324 VI.
413 3258 473 3326 Sed
503 3261 583 3328 tales
612 3260 695 3326 forte
721 3260 827 3331 hostes
857 3262 941 3340 sunt,
965 3261 1144 3344 intorques
1167 3265 1274 3344 agunt,
1305 3264 1341 3327 ut
1364 3279 1415 3328 eos

281 3361 344 3426 ista
366 3362 526 3429 deleetent
541 3367 580 3429 ¹et
602 3363 802 3430 offendantur
817 3364 1013 3446 grauissime,
1036 3364 1072 3443 si,
1096 3383 1169 3430 eum
1186 3366 1248 3446 ipsi
1262 3364 1415 3449 impudioi

281 3464 357 3544 sint,
370 3486 375 3501 ’
388 3467 517 3532 uideant
537 3471 641 3532 eustos
664 3486 730 3534 esso
758 3468 923 3536 Romanos.
961 3469 1043 3550 qnod
1065 3468 1092 3534 ei
1113 3471 1160 3535 ita
1182 3473 1273 3550 esset,
1296 3487 1415 3551 nequa·

281 3587 376 3650 quam
405 3575 512 3636 tamen
540 3571 642 3636 laoere
669 3589 725 3638 nos
754 3572 911 3662 improbos
939 3573 1123 3654 improbitas
1151 3573 1278 3638 deberet
1302 3571 1452 3648 alienare

281 3671 355 3754 quia
377 3673 550 3755 quemlibet
574 3674 736 3739 hominum
760 3675 939 3758 magissibi
961 3677 1120 3757 praestare
1143 3676 1289 3741 conuenit
1311 3677 1347 3740 ut
1370 3676 1414 3739 sit

280 3775 390 3860 bonus,
419 3794 513 3858 quam
541 3776 633 3842 alteri
660 3779 698 3842 ut
720 3778 761 3842 sit
782 3776 895 3858 malus,
925 3778 957 3842 et
977 3777 1048 3860 plus
1071 3780 1103 3844 id
1125 3777 1332 3845 laborandum
1354 3780 1412 3859 est,

331 3979 348 4034 2
376 3979 510 4034 sordidum
537 3980 565 4034 A
673 3980 690 4034 6
715 3955 941 4049 eomparationem
969 3982 997 4036 B
1107 3983 1139 4038 12
1165 3986 1288 4038 oresennt
1314 3983 1342 4038 B
1517 4007 1518 4010 ¹

281 4065 313 4120 16
338 4065 381 4120 his
407 4067 476 4122 AB:
506 4067 539 4120 iis
565 4082 627 4122 eum
653 4067 714 4122 edd.
741 4069 872 4124 Halmius
964 4069 1008 4124 ll
1035 4070 1139 4126 usitata
1164 4087 1199 4132 eu
1226 4073 1267 4124 ·te
1293 4070 1321 4124 A
1342 4083 1413 4126 eurr.
1517 4077 1518 4088 ³

279 4157 347 4205 m.1
463 4153 495 4207 19
521 4153 705 4224 longaeuitate
730 4154 759 4210 B
838 4203 840 4207 .
870 4155 902 4210 21
932 4156 1055 4210 immorte
1081 4157 1108 4211 A
1220 4172 1274 4226 que
1299 4156 1327 4209 A
1353 4157 1414 4212 al.

279 4252 313 4290 m.
331 4241 354 4376 Ξ
373 4324 401 4376 A
452 4239 487 4293 25
509 4238 681 4308 impuritates
697 4255 733 4296 eu
752 4241 802 4296 -tia
819 4242 847 4296 A
863 4258 933 4298 eurr.
951 4247 1022 4298 Μ
1125 4243 1160 4298 32
1183 4243 1265 4298 bonos
1282 4259 1305 4298 a.
1323 4260 1376 4300 ser.
1394 4263 1414 4302 u

280 4337 314 4375 m.
