3068 5012
430 439 468 492 ad
486 438 666 492 ecclesiam
689 439 719 492 II
740 443 756 504 ξ
774 438 885 493 aia-39.
1160 439 1222 505 257

133 628 241 693 VIIII.
274 628 422 712 Superest
441 628 478 694 da
494 627 648 692 ministris
665 630 697 692 et
713 627 927 694 sacerdotibus
944 630 1094 711 quiddam
1110 631 1221 709 dicere,
1231 631 1271 722 31

15 765 16 768 ¹
90 733 167 796 licet
198 731 351 814 superflue
380 731 459 795 forte
488 731 595 814 aliqua
623 731 774 796 dicantur.
811 733 961 816 quidquid
984 735 1068 798 enirn
1091 736 1128 799 de
1151 731 1222 799 aliis

15 865 16 894 ;
91 835 238 900 omnibus
261 835 380 902 dictum
404 838 461 914 est,
485 835 586 918 magis
608 835 723 918 absque
748 835 840 900 dubio
863 836 902 900 ad
927 854 977 900 eos
1000 837 1144 920 pertinet,
1169 837 1223 921 qui

15 937 16 988 l
90 939 232 1021 exemplo
264 957 330 1003 esse
360 940 502 1004 omnibus
533 939 645 1003 debent
668 942 700 1002 et
723 956 798 1020 quos
823 937 929 1020 utique
957 942 1045 1004 tanto
1068 941 1222 1005 antistare

69 1042 203 1107 coeteris
232 1042 354 1124 oporiet
383 1042 547 1107 deuotione
569 1044 685 1125 quanto
709 1041 864 1106 antistant
887 1044 1031 1108 omnibus
1055 1042 1220 1126 dignitate.

89 1148 165 1228 quid
196 1149 243 1211 est
272 1146 356 1210 enim
384 1145 469 1212 aliud
499 1145 695 1228 principatus
725 1147 790 1209 sine
819 1146 1005 1210 meritorum
1027 1147 1221 1212 sublimitate

87 1251 150 1313 nisi
173 1249 299 1315 honoris
322 1249 436 1314 titulus
459 1249 526 1312 sine
549 1250 682 1328 nomine,
708 1253 764 1313 aut
787 1249 862 1331 quid
887 1251 934 1312 est
957 1249 1095 1332 dignitas
1117 1251 1151 1314 in
1172 1251 1221 1314 in·

88 1355 184 1435 digno
216 1353 278 1445 nisi
308 1354 524 1418 ornamentum
553 1353 587 1417 iu
618 1353 707 1417 luto?
745 1353 777 1416 et
802 1354 870 1418 ideo
894 1358 1031 1432 cunctos,
1067 1355 1120 1438 qui
1143 1355 1224 1419 sacri

88 1457 201 1522 altaris
236 1459 388 1538 suggestu
421 1455 575 1535 eminent,
611 1457 735 1519 tantum
771 1454 922 1520 excellere
957 1457 1078 1536 oportet
1111 1458 1222 1522 merito

59 1562 245 1642 oquantum
268 1560 376 1641 gradu
414 1559 441 1621 si
465 1558 548 1621 enirn
572 1557 651 1621 uiris
673 1558 707 1620 in
730 1555 820 1640 plebe
843 1558 954 1638 positis
977 1562 1009 1623 et
1031 1558 1223 1625 mulierculis
1233 1559 1275 1627 38

88 1665 157 1745 ipso
181 1681 257 1726 sexu
279 1661 499 1727 infirmioribus
527 1662 622 1727 talem
646 1679 682 1726 ac
708 1665 775 1726 tam
798 1661 972 1744 perfectam
996 1665 1070 1728 deus
1094 1664 1223 1728 uiuendi

15 1839 16 1844 ἵ
88 1767 234 1850 regulam
263 1767 358 1844 dedit,
388 1768 504 1848 quanto
533 1767 640 1849 utique
667 1783 733 1830 esse
762 1765 833 1830 illos
863 1767 1063 1848 perfectiores
1087 1768 1183 1843 iubet,
1207 1785 1225 1831 a

89 1871 205 1952 quibus
237 1887 343 1934 omnes
366 1870 495 1934 docendi
518 1873 601 1944 sunt,
634 1872 669 1933 ut
692 1869 812 1951 possint
835 1887 904 1933 esse
926 1869 1068 1951 perfecti,
1092 1871 1125 1934 et
1148 1890 1224 1955 quos

89 1976 159 2038 tam
189 1971 298 2055 magni
327 1990 394 2036 esse
423 1973 557 2055 exempli
585 1974 617 2036 in
640 1972 785 2037 omnibus
809 1973 885 2036 deus
908 1972 1020 2051 uoluti,
1050 1974 1087 2038 ut
1109 1993 1160 2039 eos
1184 1974 1224 2039 ad

60 2078 285 2160 usingularem
318 2075 445 2141 uiuendi
478 2093 619 2141 normam
654 2093 717 2139 non
751 2093 849 2140 nouae
883 2077 1009 2140 tantum
1042 2077 1096 2140 sed
1128 2077 1223 2143 etiam

15 2191 16 2260 ss
90 2182 240 2262 antIquae
272 2179 350 2260 legis
379 2179 546 2243 seueritate
574 2179 826 2260 constringeret?
861 2197 934 2244 nam
963 2179 1040 2243 licet
1061 2180 1224 2244 decretum

15 2263 17 2312 ⁸
89 2286 183 2347 uetus
207 2283 331 2364 largam
354 2284 472 2346 cunctis
495 2282 746 2364 ampliandarum
768 2299 862 2365 opum
881 2281 1003 2346 dederit
1026 2283 1222 2362 facultatem,

89 2405 199 2452 omnes
236 2390 343 2451 tamen
379 2385 490 2449 leuitas
528 2388 559 2449 et
596 2385 768 2450 sacerdotes
807 2386 893 2450 intre
930 2388 1051 2450 certum
1087 2387 1223 2452 habendi

88 2491 230 2554 limitem
255 2487 419 2565 coartauit
451 2505 527 2568 quos
550 2487 673 2552 scilieet
695 2506 793 2571 neque
816 2489 954 2572 segetem
977 2507 1075 2570 neque
1099 2489 1223 2555 uideam

59 2613 191 2676 maeque
227 2592 329 2656 ullum
362 2594 487 2656 omnino
522 2591 655 2656 fundum
689 2592 802 2656 habere
834 2592 987 2674 permisit.
1027 2611 1063 2656 ex
1089 2611 1149 2675 quo
1172 2594 1276 2667 111-39

88 2697 202 2780 tellegi
233 2698 345 2777 potest,
378 2713 418 2758 an
441 2711 476 2757 ea
498 2712 581 2758 nuno
603 2695 677 2758 deus
699 2695 805 2758 noster
828 2695 906 2759 uelit
930 2694 964 2759 in
987 2697 1150 2778 euangelio
1172 2696 1222 2760 ui-

88 2803 201 2866 uentes
226 2799 355 2864 clericos
378 2813 450 2861 suos
472 2797 638 2862 mundanis
660 2801 731 2879 post
753 2817 787 2862 se
810 2798 975 2863 heredibus
998 2799 1223 2890 derelinquere,

90 2921 172 2984 quae
197 2902 300 2966 adhuc
328 2903 361 2966 in
383 2901 452 2984 lege
474 2901 590 2981 positos
613 2919 652 2964 ne
674 2902 757 2984 ipsos
780 2901 908 2985 quidem
931 2900 1032 2967 uoluit
1056 2904 1223 2984 possidere.

89 3009 174 3071 unde
206 3006 255 3070 est
284 3005 366 3087 quod
394 3003 438 3068 eis
469 3006 606 3068 saluator
635 3004 704 3085 ipse
729 3006 762 3068 in
785 3005 946 3086 euangelio
969 3025 1030 3070 non
1052 3009 1089 3070 ut
1111 3008 1223 3070 ceteris

15 3149 16 3198 p
59 3110 310 3173 reuoluntarium
344 3110 398 3173 sed
434 3109 657 3191 tmperatiuum
691 3108 830 3173 officium
867 3109 1067 3190 perfectionis
1100 3109 1221 3174 indicit.

89 3214 169 3296 quid
191 3213 276 3278 enirn
300 3231 372 3277 eum
394 3212 473 3278 laico
496 3213 545 3277 illi
567 3211 759 3277 adulescenti
782 3211 897 3276 dixisse
920 3211 1079 3294 legimus?
1108 3213 1140 3277 si
1164 3212 1225 3276 uls

89 3335 178 3382 esse
201 3315 421 3399 perfectus,
445 3315 570 3380 uende
593 3334 688 3397 quae
712 3316 827 3380 habes
852 3315 948 3380 etda
971 3316 1224 3398 pauperibus:

88 3421 168 3502 quid
191 3420 299 3484 autem
320 3420 475 3484 ministris
499 3419 588 3484 suis?
620 3418 766 3497 nolite,
790 3418 907 3502 inquit,
932 3418 1138 3500 possidere
1160 3438 1223 3483 an·

88 3542 173 3587 rum
205 3541 326 3604 neque
357 3528 568 3606 argentum
591 3541 714 3605 neque
736 3524 947 3604 pecuniam
970 3521 1138 3588 in'zonis
1160 3542 1224 3587 ne-

196 3704 231 3756 ae
248 3703 348 3760 naueh.
368 3705 408 3771 19,
426 3705 460 3758 21
564 3705 599 3758 as
616 3705 713 3758 nacco.
734 3707 775 3774 10,
794 3705 811 3758 e

15 3783 17 3910 ι
141 3870 161 3922 4
187 3871 252 3922 ante
279 3872 351 3922 stare
377 3869 432 3922 AB
459 3868 506 3923 sect
531 3870 626 3923 statim
653 3870 788 3923 antistant
813 3872 840 3922 A
869 3871 1009 3924 antestant
1032 3885 1066 3924 eu
1089 3869 1225 3922 antistant

15 3989 16 4002 2
88 3970 161 4010 corr.
179 3957 248 4008 m.2
265 3955 292 4007 B
380 3955 475 4022 5post
494 3954 629 4023 dignitate
646 3953 711 4009 cdd.
727 3971 749 4024 p
766 3961 792 4009 ci
811 3955 870 4009 cdd.
890 3962 956 4009 oute
973 3955 1130 4009 Halmium:
1154 3955 1224 4008 nihil

15 4011 17 4120 l
89 4047 131 4095 est
156 4041 229 4094 enim
252 4041 360 4108 turpius
383 4055 462 4108 quam
488 4040 660 4094 excellentem
683 4057 738 4094 esse
757 4041 907 4108 quemlibet
925 4041 1042 4096 culmine
1061 4043 1087 4094 et
1105 4041 1225 4108 despica-

89 4129 174 4182 bilem
197 4127 307 4181 nilitate
411 4127 426 4179 1
453 4126 559 4180 nomine
582 4127 681 4195 scripsi
703 4143 764 4181 cum
787 4127 931 4180 Hurtciio:
958 4127 1065 4180 homine
1088 4127 1224 4180 ABHul-

89 4216 165 4268 mius
267 4214 297 4266 11
316 4213 374 4280 ipso
393 4213 465 4282 sexu]
484 4214 542 4281 ipsa
559 4213 631 4266 faece
649 4218 722 4280 (oum
739 4214 765 4276 t)
784 4211 824 4266 cd.
844 4213 982 4266 Betucius
1080 4212 1113 4266 21
1133 4215 1225 4267 noster

86 4317 120 4368 p:
150 4315 205 4353 non
230 4299 257 4353 A
283 4315 337 4352 non
360 4305 528 4367 capuccium
551 4301 579 4353 B
603 4301 721 4366 (omnimo
739 4298 811 4354 deest
828 4300 859 4352 iu
877 4299 903 4365 b)
1008 4299 1042 4352 26
1065 4299 1226 4354 aduliscenti

90 4388 118 4440 A
224 4387 258 4439 27
276 4385 357 4440 habes
376 4401 409 4440 eu
426 4384 503 4438 hobis
522 4402 593 4442 corr.
612 4403 646 4440 m.
666 4389 686 4440 2
703 4386 730 4439 A
833 4385 867 4439 28
885 4385 980 4454 inquid
1000 4386 1027 4440 B

148 4490 228 4543 VIII.
1089 4491 1121 4545 ll
