2972 5000
414 346 452 400 de
470 347 607 416 gubern.
624 343 678 399 dei
702 345 747 400 ΙΠ
765 349 781 410 5
798 343 909 401 34—40.
1182 343 1227 410 55

82 535 236 618 petulcos
267 533 499 621 impudicorum
526 534 688 602 hominum
721 532 855 599 intuitus
883 549 961 598 nora
989 530 1137 600 adulterii
1163 549 1225 597 non

83 657 206 722 carere,
234 637 359 704 scilicet
380 641 418 704 ut
440 637 494 721 qui
517 637 671 705 bonafide
695 636 818 720 fugeret
843 635 1034 704 adulterium
1057 634 1224 702 custodiret

82 745 267 827 aspectum.
292 741 448 824 perfectae
463 741 620 825 siquidem
633 759 670 808 ac
685 741 908 806 sincerissimae
923 736 1101 805 sanctitatis
1116 737 1224 804 uolens

81 845 229 911 cultores
259 863 333 910 euos
364 845 465 911 lacere
495 845 633 911 saluatur
660 844 755 910 iussit
778 843 816 909 ah
846 842 896 909 hle
924 842 1105 909 cautissime
1126 842 1224 907 etiam

60 949 226 1015 sminima
254 947 367 1028 uitari,
402 947 520 1014 scilicet
548 951 706 1032 utquam
735 961 814 1030 pura
836 947 886 1013 ert
906 945 1026 1030 pupilla
1054 945 1135 1010 oculi
1156 948 1224 1010 tam

80 1069 165 1133 pura
195 1051 284 1116 esset
312 1051 380 1116 uite
409 1051 545 1117 hominis
574 1049 743 1118 Christiani
777 1052 823 1130 ot,
855 1049 937 1116 sicut
969 1049 1057 1116 salua
1088 1047 1223 1116 intuitus

81 1153 316 1220 incolumitate
337 1155 478 1235 pulueris
499 1156 602 1221 labem
623 1154 657 1220 in
672 1173 705 1220 se
720 1155 827 1220 oculus
845 1171 906 1219 non
921 1152 1079 1237 reciperet,
1095 1151 1142 1217 sic
1156 1152 1223 1218 uita

83 1261 197 1323 uestra
223 1257 333 1323 labem
363 1259 397 1323 in
423 1276 455 1322 se
485 1257 611 1340 ponitus
639 1257 852 1339 impudicitiae
874 1275 936 1323 non
958 1257 1097 1322 haberet.
1141 1250 1277 1320 uude39

81 1363 133 1427 est
156 1361 247 1426 illud
272 1361 386 1442 etium,
415 1362 497 1444 quod
519 1363 551 1426 in
573 1360 774 1445 sequentibus
798 1360 1024 1427 sitdominus:
1054 1360 1089 1425 si
1110 1377 1223 1425 scan-

49 1464 241 1532 odalizat
263 1465 302 1529 te
326 1464 465 1530 oculus
488 1465 597 1543 tuus,
621 1481 709 1529 erue
732 1484 829 1542 eum,
852 1466 890 1530 et
916 1464 951 1528 si
971 1463 1224 1529 scandalizat

80 1571 118 1632 te
141 1586 291 1634 manus
320 1570 402 1646 tua,
431 1567 593 1634 abscide
622 1583 718 1633 earn:
741 1568 899 1649 expedit
920 1565 999 1633 tibi
1025 1567 1068 1631 ut
1088 1567 1223 1650 pereat
1254 1577 1269 1626 u

79 1689 208 1736 unum
224 1671 488 1736 membrorum
502 1673 672 1751 tuorum,
690 1689 802 1754 quam
816 1672 943 1736 toturn
959 1688 1099 1752 corpus
1114 1672 1222 1734 tuum

79 1774 284 1839 mittatur
312 1776 351 1838 in
379 1773 606 1858 gebennam.
650 1775 678 1840 si
709 1775 807 1858 igitur
835 1775 924 1840 iuxta
953 1774 1002 1839 dei
1030 1773 1160 1840 uerbum
1189 1774 1223 1838 in

81 1877 270 1963 gehennam
298 1877 453 1942 scandalis
483 1877 656 1960 trahimur,
687 1877 770 1942 reete
799 1877 951 1959 profecto,
986 1879 1022 1942 ut
1050 1876 1222 1960 gehennam

53 1983 189 2047 euitare
208 1979 379 2061 possimus,
396 1979 495 2044 etiam
508 1979 653 2046 manibus
665 1981 780 2046 nostris
794 1998 848 2045 nos
864 1979 1021 2062 oculisque
1037 1979 1221 2056 multamus,

81 2103 144 2149 non
170 2085 261 2166 quod
283 2082 432 2146 membris
453 2083 519 2148 suis
542 2084 612 2166 quis
634 2083 758 2166 priuare
779 2102 812 2149 se
832 2085 953 2164 debeat,
977 2083 1039 2161 sed,
1063 2083 1135 2165 quia
1157 2082 1222 2148 tam

82 2184 288 2254 necessariae
303 2185 393 2250 uobis
409 2187 483 2252 sunt
505 2187 657 2269 quaedam
676 2186 918 2254 domesticorum
934 2185 1153 2270 obsequiorum
1169 2205 1222 2250 ne-

83 2289 312 2369 cessitudines,
335 2293 371 2353 ut
388 2289 437 2355 his
453 2290 543 2371 quasi
558 2290 656 2357 oculis
671 2290 828 2356 interdum
844 2296 899 2357 aut
919 2291 1063 2356 manibus
1083 2289 1221 2374 utamur,
1253 2303 1257 2315 ’

82 2394 169 2458 reete
195 2393 292 2458 nobis
314 2393 526 2476 praesentium
549 2393 794 2458 ministeriorum
817 2394 919 2459 officia
933 2391 1155 2471 subtrahimus,
1182 2411 1221 2456 ne

54 2497 217 2566 saeterni
250 2495 336 2578 iguis
369 2496 527 2561 tormenta
560 2497 735 2578 patiamur:
772 2497 825 2561 uhi
857 2496 942 2562 enim
975 2496 1012 2561 de
1045 2495 1220 2562 ministerio

83 2598 196 2682 agitur
230 2599 265 2663 et
292 2599 376 2682 uita,
405 2599 522 2664 rectius
546 2599 683 2681 profecto
707 2599 883 2666 Christiauc
907 2603 953 2666 est
975 2599 1146 2666 ministerio
1169 2616 1219 2663 ca-

81 2721 150 2768 rcre
176 2720 278 2784 quam
299 2702 378 2769 uite.

125 2822 186 2886 IX.
213 2823 326 2904 Itaque
349 2841 421 2888 oum
444 2821 478 2888 in
501 2823 644 2888 omnibus
668 2822 716 2887 his
739 2841 816 2906 quae
843 2823 978 2889 diximus
1000 2823 1149 2890 oboednc
1164 2816 1274 2888 ncs40

81 2925 143 2991 sibi
168 2925 320 2991 domium
349 2931 453 2993 noster
481 2929 625 3007 iusserit,
652 2930 707 2994 ubi
740 2929 814 2994 sunt
841 2929 895 3011 qui
921 2931 976 2994 aut
1003 2927 1037 2992 in
1065 2927 1220 2994 uniuersis

53 3029 250 3094 amandatis
273 3029 329 3095 dec
353 3033 408 3095 auo
431 3035 515 3097 certe
537 3033 588 3097 uel
611 3031 646 3097 in
671 3031 867 3115 paucissimis
897 3031 1128 3114 obsequantur?
1164 3030 1219 3096 ubi

5 3131 6 3140 ’
81 3135 159 3197 sunt
182 3132 241 3216 qui
264 3136 319 3198 aut
340 3133 485 3200 inimicos
508 3136 644 3220 diligant
665 3140 720 3201 aut
744 3135 1003 3218 persequentibus
1020 3133 1218 3203 benefaciant

84 3238 139 3301 aut
156 3235 266 3302 malos
282 3235 316 3300 in
337 3238 417 3302 bono
431 3238 571 3316 uncant
595 3241 648 3323 qui
663 3238 807 3305 maxillas
823 3238 1021 3304 caedentibus
1036 3235 1215 3320 praebeant,

84 3338 137 3420 qui
159 3337 374 3421 spoliantibus
396 3359 445 3406 res
468 3359 541 3406 suas
563 3341 631 3409 aine
652 3341 710 3408 lite
732 3344 926 3408 concedant?
954 3341 1023 3424 quis
1045 3345 1108 3420 eet,
1133 3339 1216 3424 apud

83 3460 179 3524 quem
198 3440 387 3506 detractioni
401 3443 525 3527 penitus
541 3445 621 3511 nihil
642 3445 745 3524 liceat,
768 3445 823 3528 qui
838 3445 976 3511 conuicio
990 3464 1045 3511 suo
1060 3448 1216 3511 neminem

190 3612 207 3665 9
224 3611 307 3666 Marc
325 3615 350 3678 9,
368 3612 402 3666 46
437 3613 536 3670 Matth.
554 3615 596 3682 29,
614 3614 649 3668 30

132 3767 149 3820 2
169 3767 282 3835 fugeret
299 3783 332 3822 ecc
350 3768 453 3838 fugitet
469 3770 497 3825 A
515 3785 585 3826 corr.
604 3775 668 3826 md
773 3773 790 3826 3
808 3772 924 3840 perfecte
942 3777 968 3826 et
981 3772 1145 3841 paulopost
1162 3771 1215 3826 ein-

82 3852 223 3906 canusima
248 3856 276 3907 A
380 3855 560 3910 hohristiani
583 3856 698 3911 hominis
721 3857 780 3911 uita
802 3859 831 3913 Β
934 3859 950 3912 7
973 3857 1156 3911 incolumitate
1181 3873 1215 3912 ece

83 3937 271 3992 incolomitate
290 3940 317 3992 A
335 3955 405 3996 corr.
422 3958 456 3996 m.
470 3944 497 4006 2,
515 3943 582 3996 item
599 3943 692 3996 oculus
711 3959 744 3998 ea
762 3943 852 3997 oculos
948 3943 982 3998 14
1000 3927 1150 4012 gehemam
1166 3943 1215 3998 ced

83 4040 109 4078 m
126 4024 202 4078 male
215 4031 316 4092 mmet.
335 4027 362 4079 A
466 4028 499 4080 15
516 4043 565 4081 nos
583 4044 633 4082 oro.
652 4029 679 4083 Β
780 4030 813 4083 16
831 4029 933 4099 priuuri
949 4029 978 4083 A
1076 4029 1109 4083 17
1127 4045 1214 4084 neces·

84 4111 152 4164 auria
171 4111 200 4162 A
287 4112 321 4166 18
334 4113 607 4181 autquasimeuibua
620 4115 647 4168 B
737 4114 968 4186 ceperianum
1059 4116 1093 4170 29
1111 4115 1214 4170 detrac-

83 4195 150 4250 tioni
176 4195 378 4252 Rittershuoo'ue
399 4199 431 4252 tos
451 4200 576 4269 mcrpioe
599 4204 691 4269 (quom
715 4201 930 4257 commotorum
952 4201 1127 4256 emissenam
1143 4203 1214 4268 fucit

85 4281 154 4350 quod
187 4281 341 4337 umbones
368 4285 427 4352 ipsc
453 4301 474 4339 c,
499 4289 519 4339 8
543 4286 652 4341 sorim:
680 4302 824 4355 numquam
851 4286 1013 4342 detractione
1037 4292 1212 4352 saturamurtz
