3036 5004
431 378 469 434 de
485 380 622 450 gubern.
641 379 695 434 dei
717 379 755 435 v1
777 383 792 446 5
811 379 920 436 66-13.
1177 383 1238 464 [45

109 587 154 634 an
181 569 334 636 oredimus
366 568 470 648 foreq-
494 569 576 652 quod
608 570 753 649 oapbuus
783 569 896 640 animis
929 573 1060 654 populus
1094 572 1147 638 ille
1176 592 1236 640 uon

103 671 223 751 'fuerit‘
239 674 291 756 qui
314 671 414 740 laetus
437 673 513 738 tuno
534 673 568 738 iu
589 691 717 747 suorum
734 672 970 755 oaptiuitutibus
986 674 1070 742 fuit?
1092 676 1236 760 captiuus

110 775 208 842 eorde.
226 779 260 842 et
279 793 373 846 sensu
401 793 463 841 uon
490 778 556 848 erat
578 775 631 859 qui
660 775 742 840 iuter
769 793 896 851 suorum
916 777 1080 862 supplioIa
1096 778 1236 858 ridebat,

110 879 168 960 qui
187 878 326 962 iugulari
348 893 382 946 oe
403 881 585 954 inquorum
608 878 724 964 iugulis
748 896 809 944 nou
837 880 1052 966 intellegebat,
1081 883 1135 968 qui
1157 871 1254 949 mori

88 999 144 1050 ese
167 981 201 1048 in
224 999 351 1050 suorum
372 983 525 1050 mortibus
554 1000 617 1047 uon
642 982 799 1066 putabat?
835 982 948 1069 fragor,
970 988 1006 1070 ut
1027 987 1073 1052 ita
1095 982 1287 1066 dixerim,Il

108 1088 209 1152 extra·
227 1104 343 1152 muros·
359 1088 391 1151 et
417 1083 500 1150 inira
526 1103 633 1151 muros
662 1086 849 1168 proeliorum
877 1091 909 1153 et
936 1087 1134 1168 ludicrorum,
1164 1107 1235 1156 oon·
1263 1070 1266 1081 ¹

108 1189 302 1257 fundebatur
322 1207 383 1256 uon
408 1190 622 1256 morientium*
639 1207 758 1272 nonque
788 1189 1015 1270 bacchantium,
1038 1209 1074 1258 ae
1095 1191 1147 1258 uix
1169 1191 1236 1256 dis·

109 1293 194 1358 oerni
224 1292 353 1362 fustan
382 1292 507 1375 poterut
526 1292 626 1374 plebis
648 1291 806 1373 heiulatio,
838 1311 915 1376 quae
936 1293 1065 1362 cadebat
1086 1297 1119 1364 in
1141 1294 1233 1372 bello,

108 1399 147 1461 et·
164 1413 260 1462 sonus
287 1394 405 1482 populi,
433 1394 487 1478 qui
516 1395 671 1462 clamabat
698 1394 731 1460 in
754 1395 847 1462 eirea
884 1396 1009 1462 etrum
1032 1397 1237 1463 haecomnia

75 1499 232 1573 reflerent,
261 1499 334 1582 quid
362 1497 448 1566 aliud
478 1496 552 1564 talis
580 1498 712 1581 populus
739 1500 859 1582 agebat,
888 1499 949 1566 nisi
984 1501 1022 1565 ut
1058 1519 1129 1568 oum
1161 1520 1234 1566 eum

107 1607 184 1670 deus
217 1605 343 1686 perdere
372 1601 473 1669 adhue
501 1601 630 1666 fortasse
658 1602 767 1680 nollet,
801 1603 916 1670 tamem
935 1604 1002 1684 ipse
1020 1603 1167 1688 exigeret
1197 1607 1235 1668 ut

108 1708 253 1788 periret?
1264 1745 1271 1768 2

150 1827 244 1894 XIII.
268 1825 328 1892 Sed
351 1825 424 1909 quid
447 1843 503 1910 ego
526 1825 635 1909 loquor
649 1825 687 1890 de
702 1825 794 1908 louge
816 1825 927 1908 positis
949 1828 983 1894 et
1005 1828 1093 1910 quasi
1115 1828 1148 1893 in
1169 1827 1264 1898 alio't

106 1933 181 1998 orbe
206 1929 370 2006 submotis,
395 1947 466 1994 oum
488 1929 586 1994 seiam
598 1928 702 1994 etiam
721 1928 756 1993 in
771 1929 838 1995 solo
859 1931 962 2013 patrio
984 1930 1078 2012 atque
1099 1930 1234 1996 inolui-

76 2034 231 2099 atetibus
254 2031 425 2100 Gallicanis
447 2050 552 2097 omues
580 2031 679 2096 ferme
699 2031 916 2112 praecelsiores
938 2033 1021 2098 uiros
1044 2032 1236 2098 calamitati·
1260 2055 1271 2119 ᾗ

105 2139 166 2204 bus
200 2138 268 2202 suis
301 2137 412 2202 foetos·
427 2135 520 2200 fuisse
550 2135 675 2217 peiores.
713 2133 780 2198 uidi
803 2135 957 2217 siquidem
978 2153 1034 2218 ego
1059 2135 1232 2220 [Treueros]

105 2242 173 2326 ipse
212 2241 353 2306 homines
392 2239 475 2304 domi
513 2237 632 2304 nobiles
673 2236 827 2322 dignitate
861 2239 1027 2318 sublimes,
1062 2239 1136 2304 lieet
1168 2239 1232 2304 iam

106 2344 260 2430 spoliatos
294 2347 388 2426 atque
414 2341 568 2418 uanus,
600 2340 706 2406 minus
732 2329 856 2406 euersos
887 2344 992 2408 tamen
1024 2343 1115 2408 rebus
1138 2341 1234 2406 fuisse

107 2467 203 2530 quam
226 2445 380 2514 moribus:
410 2444 554 2528 quamuis
577 2444 662 2509 euim
683 2445 881 2526 depopulatIs
903 2445 967 2510 iam
991 2445 1083 2526 atque
1106 2443 1233 2510 andelle

73 2551 228 2633 saliquid
262 2549 423 2632 supererat
456 2548 494 2612 de
527 2548 711 2624 substantia,
745 2547 825 2612 nibil
860 2549 964 2613 autem
994 2549 1031 2614 de
1059 2545 1232 2628 disoipliua

106 2657 184 2720 adeo
219 2653 378 2737 grauiores
400 2651 435 2716 in
458 2653 558 2717 semet
590 2650 697 2716 hostes
731 2649 865 2716 euternIs
894 2650 1034 2716 hostibus
1066 2651 1163 2726 erant,
1180 2653 1234 2712 ut

105 2758 183 2822 Iioet
207 2775 228 2820 a
248 2755 389 2822 barbarie
420 2756 484 2820 iam
518 2755 616 2820 auersi
650 2756 770 2838 essent„
792 2773 811 2818 a
832 2771 865 2818 se
887 2756 993 2822 tamen
1022 2752 1123 2836 magis
1146 2771 1234 2818 euer-

105 2861 260 2926 tereutur.
294 2858 425 2943 lugubre
455 2860 503 2923 est
532 2858 645 2922 referre
667 2875 745 2939 quae
767 2857 915 2939 uidimus,
946 2875 1035 2922 senes
1058 2856 1232 2936 honoratos,
1245 2854 1286 2920 73

106 2962 283 3045 decrepitos
306 2959 508 3041 Christianos,
537 2960 720 3026 imminente
742 2961 908 3027 admodum
931 2960 995 3025 iam
1017 2957 1133 3025 exoidio
1156 2961 1240 3042 oiui‘¹

161 3252 175 3307 1
195 3252 318 3305 saluatur
335 3249 459 3320 eaptiuus
477 3249 506 3302 B
522 3248 570 3316 sed
586 3248 705 3302 saluatur
723 3252 853 3316 repauset.
941 3247 1046 3302 animus
1063 3229 1166 3304 ΒΜ

104 3341 121 3394 8
140 3338 257 3392 eiulatio
275 3336 303 3390 Β
388 3335 422 3389 16
435 3350 527 3388 omnes
538 3333 566 3386 B
577 3349 597 3386 e.
610 3333 628 3387 t.
716 3333 749 3386 16
766 3332 898 3402 siquidem
909 3348 959 3402 ego
971 3335 1090 3386 treneros
1102 3333 1158 3401 ipse
1172 3331 1234 3401 (ipsi

104 3428 143 3495 Α)
163 3423 222 3478 ΑΒ
249 3438 298 3491 ego
311 3421 442 3492 siquidem
454 3423 572 3474 treueros
589 3422 647 3488 ipse
667 3420 708 3475 Tt
735 3435 784 3488 ego
801 3419 857 3489 ipse
872 3419 915 3488 (io
925 3422 1022 3489 rouro.)
1036 3417 1167 3488 siquidem
1179 3421 1235 3472 tre·

103 3527 184 3566 ueros
203 3512 285 3578 (eras.
297 3509 364 3576 ipse)
383 3508 415 3562 in
432 3523 449 3561 o
465 3505 676 3574 Brusoiowmua);
692 3505 765 3573 ‘fort
778 3504 909 3574 siquidem
921 3520 978 3575 ego,
997 3504 1093 3560 Treuir
1103 3505 1169 3575 ipse,
1187 3505 1235 3557 ho-

104 3599 202 3652 mines’
220 3595 351 3649 Halmius
355 3613 365 3662 ‚·
385 3593 466 3662 (idem
484 3591 691 3647 Sita-Beriebte
708 3591 734 3645 d.
749 3591 773 3645 6.
786 3591 811 3648 6.
821 3591 912 3646 Atat
925 3591 951 3644 d.
967 3591 1234 3659 1761187611.ωὸ

100 3685 306 3754 proposuerat.-
323 3681 450 3734 Treueros
467 3678 532 3747 ipse,
545 3678 682 3746 probante
699 3677 735 3731 E.
753 3676 897 3748 Lrtdaoiqio
914 3678 947 3730 io
964 3676 1070 3731 Jeuuer
1087 3676 1145 3731 Lit.
1162 3677 1233 3730 Zeit.

105 3771 181 3825 1878
188 3784 219 3837 p.
229 3770 290 3833 614)
296 3785 306 3832 ,·
324 3765 451 3818 I’reueroa
462 3763 574 3818 murinis
584 3763 744 3817 imbuimus
755 3767 868 3818 morton
879 3762 1017 3829 Horteta'o,
1029 3763 1077 3830 qui
1088 3762 1234 3817 rentieobue

105 3857 217 3912 monuit
225 3869 325 3908 mosen
334 3851 410 3906 mois
418 3851 463 3905 oet
471 3850 625 3906 aaaron
633 3850 678 3904 bie
686 3864 770 3918 aeque
778 3849 976 3917 interpolatum
984 3841 1039 3904 esse
1048 3854 1163 3919 utquep.
1173 3851 1233 3914 146,

104 3945 144 3998 12
155 3941 257 3996 'Pneuer
262 3959 270 4006 3
284 3937 451 3992 6616166616
463 3951 563 3990 nomeu
574 3935 691 4002 ramoso
701 3935 770 3990 eutis
779 3949 915 4004 apparere
926 3950 960 3990 eor
971 3935 1062 3990 uerbis
1069 3949 1100 4002 p.
1110 3936 1170 4000 146,
1184 3937 1232 3988 22:

105 4028 265 4096 promptum
283 4026 325 4076 est
339 4022 371 4078 de
384 4037 436 4091 quo
448 4020 535 4092 diram
548 4023 677 4088 (eduum
688 4021 720 4074 iu
733 4020 848 4090 Tmarq.
862 4019 949 4075 udoor.
961 4025 1027 4076 suut
1038 4036 1071 4076 m.
1085 4035 1138 4073 reo.
1150 4019 1234 4073 boec.-

106 4113 160 4170 Hio
178 4113 317 4167 Siluianua
336 4110 395 4186 (sio)
413 4106 534 4164 Gallicus
552 4107 712 4163 treuerensis
730 4106 794 4174 fuit)
891 4107 924 4160 17
942 4105 1119 4161 dominabiles
1136 4106 1165 4158 A

105 4229 139 4282 21
159 4227 217 4280 erat
234 4223 256 4277 Τ
274 4223 332 4291 (eie)
351 4222 379 4279 A
405 4221 464 4289 (qui
482 4220 504 4274 Τ
522 4219 628 4277 addidit
639 4219 739 4282 ,uoluit
755 4219 869 4274 sotim
885 4208 911 4290 ui
927 4240 962 4290 =
979 4220 1021 4284 nt)
1125 4217 1159 4280 22
1176 4218 1232 4294 iam

104 4339 122 4376 a
139 4317 262 4374 barbaris
280 4317 344 4386 (iam
362 4317 463 4371 iterum
480 4333 514 4374 m.
531 4317 563 4383 2)
581 4315 609 4368 B
710 4315 744 4368 23
761 4313 891 4383 lugubrae
903 4317 1002 4381 pund.
1021 4328 1037 4366 a
1054 4313 1082 4366 A

159 4421 238 4476 VIII.
1094 4417 1128 4468 10
