3068 5012
272 409 338 489 m
763 417 915 474 fflmi

242 611 376 694 4megis
405 608 565 692 quaeritur
592 608 734 674 leotionis
763 627 858 690 quem
886 625 999 672 nomen
1026 608 1169 674 auetorir.
1207 610 1240 673 et
1261 608 1348 688 ideo,
1378 609 1406 674 si

275 714 432 799 profestos
456 714 558 778 estin
580 713 711 778 leetione
735 715 767 776 et
790 711 885 776 hebet
907 711 1049 794 quisquis
1072 711 1125 778 ille
1141 715 1188 778 est
1203 712 1284 796 qnod
1299 713 1406 797 potest

274 819 428 884 instruere
461 817 607 898 leeturos,
641 815 715 899 quid
745 814 773 880 ei
803 833 874 878 oum
903 815 1064 892 uocabulo,
1098 817 1179 899 quod
1211 817 1320 881 iuuere
1342 833 1405 881 non

275 922 378 1006 potest
405 919 564 985 ouriosesl
596 919 642 983 ite
663 922 700 983 nt
722 917 903 1002 dignissime
932 918 1006 983 huie
1028 919 1204 1002 inquisitori
1228 919 1405 1002 angelicum

274 1025 353 1092 illud
370 1024 605 1106 respondeatur:
628 1023 799 1105 petriam
823 1022 978 1104 quoeris
1001 1041 1047 1087 un
1070 1023 1406 1088 mercennarium?
1427 1045 1442 1087 ιι

276 1148 347 1195 oum
377 1128 460 1192 enim
489 1128 594 1191 nullus
623 1127 666 1190 sit
694 1125 848 1207 profectus
870 1125 904 1188 in
926 1126 1069 1207 nomine,
1101 1128 1154 1208 qui
1175 1126 1349 1210 profestum
1371 1127 1406 1191 in

275 1232 399 1316 seriptis
434 1230 557 1296 inuenit
590 1230 743 1312 superflue
778 1247 889 1294 nomen
925 1229 1085 1311 seripturis
1113 1229 1254 1313 inquirit.
1293 1245 1405 1294 tenses

244 1343 358 1420 borgo,
393 1337 428 1399 ut
461 1334 535 1411 diri,
568 1334 631 1398 iste
664 1333 836 1398 sulfieiunt.
875 1335 928 1398 red
959 1332 1033 1414 quie
1062 1333 1132 1414 tibi,
1168 1353 1187 1399 o
1216 1333 1260 1397 mi
1287 1332 1405 1416 Saloni,

276 1441 370 1504 deous
407 1440 549 1504 nostrum
586 1441 679 1518 atque
722 1436 915 1515 subsidium,
961 1456 1074 1522 negare
1111 1437 1192 1501 nibil
1229 1454 1404 1519 possumus,

275 1542 469 1610 euidentiore
491 1540 640 1606 disemus.
676 1541 738 1604 tria
761 1544 834 1604 sunt
857 1559 935 1622 quae
963 1540 996 1605 in
1019 1539 1136 1605 libellis
1163 1540 1245 1617 istis,
1275 1543 1313 1605 de
1335 1539 1405 1623 qui-
1416 1567 1444 1604 10

275 1647 334 1712 bus
357 1644 523 1728 loquimur,
548 1644 655 1727 quaeri
675 1644 820 1725 possunt:
844 1661 899 1706 eur
921 1641 1021 1725 isqui
1044 1642 1170 1725 seripsit
1184 1644 1223 1708 ud
1239 1642 1405 1708 eoelesiam

275 1749 434 1833 scripserit
457 1753 490 1814 et
516 1751 625 1812 utrum
653 1746 754 1811 alieno
784 1747 909 1810 nomine
938 1763 977 1810 en
1005 1763 1076 1811 suo:
1109 1747 1136 1810 si
1164 1765 1227 1812 non
1255 1764 1320 1829 suo,
1350 1765 1406 1812 eur

275 1854 386 1933 alieno,
410 1857 441 1917 et
470 1853 496 1918 ei
528 1850 641 1928 elieno,
675 1869 730 1914 our
752 1849 910 1914 Timothei
942 1849 1143 1932 potissimum
1177 1867 1290 1914 nomen
1324 1851 1405 1931 quod

276 1955 464 2022 scriberetur
486 1954 626 2037 elegerit.
657 1953 754 2036 igitur
776 1957 813 2016 ut
835 1953 936 2019 libelli
951 1955 990 2018 ed
1006 1954 1167 2019 eeelesiem
1183 1955 1405 2038 scriberentur,

245 2059 349 2133 6heee
373 2077 465 2126 oense
487 2058 542 2124 est.
580 2057 712 2139 scriptor
738 2056 802 2138 ille,
832 2057 869 2120 ut
891 2056 988 2121 etiem
1010 2056 1128 2140 scripte
1149 2059 1217 2140 ipse
1238 2058 1443 2130 testentur,1s

275 2163 367 2230 hebet
398 2163 481 2227 huno
510 2162 542 2228 in
566 2180 597 2228 se
627 2161 748 2226 enltum
776 2163 869 2242 etque
904 2160 1049 2226 effectum
1082 2161 1141 2236 dei,
1176 2162 1213 2225 ut
1240 2160 1297 2226 deo
1325 2160 1406 2226 nibil

275 2269 526 2352 praeponendum
556 2266 663 2350 putet,
697 2266 869 2329 seeundum
897 2264 979 2329 illud
1009 2263 1129 2330 seilicet
1159 2264 1277 2330 domiui
1306 2266 1406 2330 nostri

276 2371 412 2455 dietum,
446 2371 528 2453 quod
562 2370 621 2436 eit:
657 2369 722 2452 qui
752 2369 855 2433 amet
885 2368 1020 2434 filium
1050 2370 1118 2433 out
1148 2367 1283 2434 lilium
1314 2370 1406 2452 plus

276 2491 388 2558 quam
421 2494 494 2556 me,
532 2491 607 2540 nen
640 2476 701 2538 est
733 2493 789 2538 me
824 2473 977 2555 diguus.
1016 2473 1159 2555 quemuis
1193 2473 1314 2539 dietum
1347 2472 1406 2536 hoo

274 2577 463 2662 tepidissimi
491 2595 527 2642 ee
555 2575 826 2660 neglegentissimi
858 2575 972 2659 quique
1004 2574 1145 2640 homines
1181 2577 1245 2642 solo
1279 2577 1442 2642 tantumno

246 2680 500 2766 'ipereeoutionis
535 2681 675 2760 tempore
707 2679 820 2760 putent
855 2695 922 2744 esse
956 2679 1154 2744 sorbendum.
1208 2679 1299 2761 quusi
1331 2696 1405 2743 uero

275 2786 378 2850 ullum
407 2783 532 2848 omnino
559 2783 683 2864 tempus
711 2781 769 2859 sit,
793 2799 853 2862 quo
882 2781 1033 2863 praeferri
1062 2780 1180 2864 reliquid
1203 2782 1260 2847 deo
1283 2783 1404 2861 debeat,

276 2893 331 2953 eut
364 2889 417 2969 qui
451 2886 673 2969 persecutionis
709 2887 849 2966 tempore
886 2884 1098 2967 pretiosiorem
1132 2887 1285 2952 omnibus
1310 2885 1405 2950 rebus

275 2987 433 3056 Christum
462 2989 576 3054 bebere
604 2988 696 3054 debet
724 2988 843 3069 reliquo
873 2988 958 3053 omni
986 2991 1126 3070 tempore
1154 2987 1269 3054 hebere
1291 2989 1405 3054 debeat

274 3093 429 3160 uiliorem.
460 3093 541 3177 quod
563 3094 590 3158 si
611 3092 659 3157 ite
680 3095 739 3172 est,
761 3109 898 3156 emerem
917 3091 968 3157 (lei
988 3092 1198 3174 persecutioni
1221 3091 1405 3158 debebimus
1414 3115 1441 3156 ee

275 3217 336 3264 non
358 3197 440 3277 roei,
464 3201 496 3264 et
517 3201 595 3262 torro
618 3199 744 3262 tentum
765 3196 811 3278 pii
827 3197 952 3276 erimus,
976 3196 1099 3277 quondo
1121 3213 1177 3262 nos
1193 3195 1285 3280 impii
1299 3213 1405 3278 perse-

276 3302 416 3384 quentur,
453 3320 523 3366 oum
557 3301 665 3383 utique
698 3300 753 3364 eut
787 3296 937 3364 maiorem
967 3302 1021 3364 eut
1050 3301 1132 3364 eerte
1160 3317 1220 3364 non
1251 3299 1404 3363 minorem

276 3403 452 3487 tranquillis
487 3421 582 3485 quem
617 3403 733 3485 asperis
766 3403 858 3466 rebus
892 3401 1039 3467 affectum
1071 3403 1196 3467 domino
1227 3401 1404 3468 debeamus.

245 3501 349 3590 8quia
370 3507 403 3571 et
424 3505 482 3570 hoe
509 3503 577 3590 ipso
599 3525 618 3570 s
640 3503 728 3570 nobis
755 3505 826 3586 plus
848 3503 940 3569 debet
962 3501 1070 3588 diligi,
1101 3505 1174 3588 quie
1194 3522 1249 3570 nos
1272 3520 1290 3570 e
1312 3503 1404 3568 melis

377 3662 939 3745 smw'mmw

327 3833 634 3903 leth.be'omp.
729 3831 994 3900 bquodPitboeuer
1021 3831 1156 3900 quosBp
1250 3826 1404 3887 tmuium

274 3919 302 3975 B
394 3918 551 3988 inquisitori
570 3933 604 3973 ee
624 3918 693 3972 -turi
710 3918 738 3972 B
757 3931 826 3974 eorr.
839 3922 905 3972 m.1
923 3917 999 3986 (bede
1010 3916 1172 3986 inquisitore
1190 3919 1217 3986 pl
1310 3918 1404 3986 bpro-

274 4006 362 4060 leotur
380 4005 454 4074 sitp
547 4005 689 4072 Sietoep
783 4004 816 4057 lll
833 4003 940 4056 nomine
958 4005 986 4056 et
1003 4018 1038 4056 eu
1055 4001 1084 4055 B
1180 4002 1213 4056 18
1231 4003 1302 4071 quod
1319 4003 1360 4056 eit
1375 4003 1405 4056 R

274 4087 1334 4160 ef.viresqueerepHermteepeesmvsovureulo111142)

274 4174 309 4232 Ἄ)
334 4176 566 4247 neglegentissiml
591 4176 640 4231 sed
661 4191 685 4231 e.
706 4191 722 4230 e
743 4175 813 4230 med.
836 4175 847 4228 i
867 4189 920 4230 eor.
942 4176 1015 4228 m
1041 4174 1069 4227 B
1178 4189 1282 4243 quoque
1308 4175 1336 4228 B

273 4263 309 4316 bt
336 4262 376 4331 pii
403 4261 502 4318 erimus
532 4263 591 4320 Jur
618 4259 730 4332 Meyer:
764 4261 910 4330 poterimus
935 4276 971 4316 ere
998 4261 1144 4328 poterimus
1169 4260 1198 4314 B
1223 4273 1294 4315 eurr.
1322 4277 1357 4316 m.
1384 4262 1405 4314 2

273 4348 456 4418 poterimusp
