3068 5012
278 402 342 468 230
754 395 922 454 ·Sa1uiani

278 592 359 656 deris
375 591 429 656 sed
443 590 520 672 plus
535 587 843 670 ramesiensium,
868 587 1090 671 nonsuperbas
1115 603 1152 650 ac
1174 584 1410 666 praeminentes

278 693 406 759 excelsis
435 692 570 759 urbibus
594 692 714 769 maiust
745 709 813 757 non·
834 709 928 774 supra
949 690 1109 756 humanos*
1123 691 1209 754 nisus
1232 689 1316 754 elata
1338 685 1414 752 cul-s

277 797 363 862 mina
385 813 442 860 nec
462 795 582 862 inserta
604 795 739 862 nulibus
761 795 845 860 aerio
867 793 1044 859 habitatore
1067 792 1207 876 fastigia,
1230 808 1301 856 non,
1316 789 1408 855 deni·

277 916 336 981 que
368 897 480 964 fundos
512 898 759 964 interminabiles
782 907 814 963 et
843 897 991 962 notitiam
1023 895 1205 978 possessoris
1236 893 1287 958 sni
1316 911 1408 960 exce·

276 1004 393 1082 dentes,
423 1004 477 1087 qui
506 1004 664 1068 consortes
687 1001 754 1085 pati
776 999 941 1083 indignum
964 998 1130 1064 aestiment
1153 999 1186 1062 et
1207 997 1406 1064 uicinitatem
1430 1014 1446 1055 s

226 1105 425 1172 rainiariam
447 1107 568 1189 putent.
598 1124 662 1172 non
682 1105 853 1187 ergohaec
876 1106 951 1174 dens
973 1102 1125 1186 praecipit
1139 1120 1196 1168 nec
1218 1101 1252 1167 in
1275 1101 1406 1168 seruilia

275 1214 416 1276 terrenae
444 1208 671 1293 procurationis
701 1207 804 1276 officia
826 1226 935 1274 curam
958 1207 1081 1288 patriae
1103 1205 1233 1289 pietatis
1256 1205 1406 1272 extendit.

275 1331 372 1397 pauca
398 1318 472 1378 sunt
501 1331 578 1396 quae
606 1312 737 1378 mandat
765 1313 820 1376 sed
850 1311 1014 1388 salutaria,
1043 1308 1185 1392 expedita
1207 1311 1261 1374 sed
1284 1309 1413 1386 sancta.
1507 1375 1519 1388 s

274 1420 436 1499 praecepto
464 1435 559 1500 parca
581 1416 636 1482 sed
658 1415 763 1481 fructu
786 1415 925 1500 grandia,
955 1413 1072 1494 scripto
1096 1411 1203 1479 breuia
1225 1413 1279 1478 sod
1302 1411 1407 1478 beati·

276 1519 382 1586 tudine
406 1520 603 1602 sempiterna.
638 1520 828 1602 parentes
852 1520 970 1591 enim,
993 1517 1106 1600 inquit,
1130 1516 1260 1582 nolite
1282 1517 1327 1581 ad
1350 1516 1446 1582 in-no

274 1623 555 1708 dignationem
573 1641 788 1706 prouocare
810 1621 928 1686 lilios
951 1622 1122 1698 uestros,
1149 1624 1213 1687 sed
1236 1619 1406 1686 educato

274 1728 368 1794 illos
389 1729 434 1793 in
453 1727 679 1812 disciplina
700 1729 738 1792 et
760 1725 1015 1808 correptione
1037 1724 1202 1790 domini:
1227 1727 1263 1790 ut
1285 1727 1404 1806 ponant

273 1831 404 1909 scilicet,
439 1830 521 1896 sicut
554 1831 706 1913 propheta
740 1829 827 1908 dixit,
866 1830 909 1894 ut
942 1833 1088 1910 ponant
1121 1827 1160 1892 in
1194 1827 1262 1894 deo
1295 1845 1404 1909 spem

274 1952 380 1999 suam
404 1937 441 1997 et
463 1951 535 1998 non
560 1933 860 1999 obliuiscantur
888 1949 1048 2016 operum
1071 1932 1132 1997 dei
1155 1932 1217 1996 sni
1239 1934 1278 1996 et
1300 1949 1404 2004 man-

220 2040 365 2107 nodata
392 2037 475 2101 eius
504 2036 739 2118 exquirant„
765 2054 806 2102 en
830 2036 940 2119 onmes
968 2033 1098 2102 diuitias
1125 2037 1203 2100 deus.
1224 2034 1338 2118 diligit,
1363 2047 1441 2100 en1⁵

273 2157 351 2223 quas
380 2137 563 2222 pignoribus
592 2139 716 2204 recondi
746 2138 845 2223 exigit
867 2157 949 2222 opes,
982 2157 1020 2202 en
1043 2157 1119 2220 quas
1142 2138 1249 2220 parari
1269 2140 1407 2220 imperat

272 2242 447 2319 iamdictos,
476 2240 571 2306 iidem
597 2240 716 2309 scilicet
743 2259 780 2305 ac
807 2242 956 2306 timorem
985 2243 1045 2321 dei,
1075 2241 1262 2306 modestiam
1284 2242 1402 2308 sancti·

272 2347 410 2412 moniam
433 2345 645 2430 disciplinam¹
664 2362 727 2413 non
748 2348 873 2412 terrena
895 2365 956 2412 uon
972 2345 1050 2410 uilia
1072 2365 1135 2412 non
1155 2345 1318 2427 pereuntia
1340 2363 1402 2414 nou

191 2511 193 2516 ,
273 2450 405 2515 caduca:
438 2450 601 2532 praeclara
626 2448 743 2531 utique.
782 2448 965 2513 cumcuim
993 2449 1069 2514 deus
1099 2449 1244 2516 uiuorum
1274 2448 1317 2514 sit
1339 2466 1409 2518 nou.

271 2555 476 2630 mortuorum,
499 2552 584 2616 recte
607 2551 666 2616 illa
686 2551 792 2633 parari
807 2550 881 2616 filiis
899 2551 1001 2628 iussit,
1024 2570 1080 2633 per
1095 2571 1172 2634 quae
1187 2555 1220 2617 in
1236 2553 1400 2620 aeternnm
1411 2568 1439 2610 ro

270 2657 415 2722 uiuerent
436 2673 498 2720 nen
519 2674 576 2737 per
599 2672 676 2737 quae
698 2655 732 2718 in
755 2655 944 2720 aeternitate
966 2658 1173 2720 morerentur.
1204 2673 1299 2721 nemo
1314 2655 1401 2722 enim

272 2758 395 2825 dubitat
418 2757 566 2824 omnibus
587 2758 684 2824 terme
706 2759 800 2824 malis
823 2762 854 2824 et
876 2758 1052 2826 infidelibus
1075 2759 1203 2825 diuitias
1225 2760 1400 2827 mundiales

271 2879 396 2927 caueam
426 2861 538 2926 mortis
569 2862 671 2944 magis
700 2880 766 2927 esse
795 2881 889 2945 quam
910 2862 996 2928 uitae
1017 2866 1191 2929 secundum
1213 2863 1295 2928 illud
1317 2863 1399 2944 quod

272 2964 347 3028 daus
377 2963 472 3028 dicit:
507 2982 619 3046 qnam
653 2963 830 3030 difficile
862 2964 902 3028 hi
936 2965 1001 3047 qui
1033 2966 1223 3046 pecunias
1252 2965 1401 3032 habent

271 3068 500 3133 introibunt
522 3068 562 3132 in
583 3087 703 3153 regna
725 3069 933 3135 caelorum.
957 3070 1118 3136 etiterum
1140 3069 1307 3136 facilius
1329 3070 1436 3147 estu

270 3171 383 3254 inquit,
418 3171 611 3238 camelum
644 3190 714 3254 per
746 3171 922 3238 foramen
953 3190 1045 3240 acus
1079 3173 1401 3255 transirequam

263 3274 437 3340 diuitem
458 3276 613 3340 intrare
635 3276 675 3340 in
696 3292 817 3357 regna
839 3275 1048 3344 caelorum.
1078 3275 1159 3344 unde
1182 3276 1216 3340 et
1236 3275 1316 3344 illud
1338 3279 1401 3354 est,

270 3379 352 3460 quod
374 3377 552 3460 specialiter
573 3376 667 3442 intel
684 3377 808 3444 dicens:
836 3378 964 3444 nolite
986 3379 1261 3446 thesaurizare
1282 3380 1401 3446 uobis

269 3479 481 3546 thesauros
503 3481 541 3545 in
569 3481 693 3559 terra,
724 3480 996 3547 thesaurizate
1025 3484 1154 3548 autem
1176 3483 1293 3549 uobis
1316 3483 1399 3548 the·

217 3581 258 3646 21
271 3601 409 3650 sauros
441 3585 481 3649 in
516 3584 637 3651 caelo.
675 3586 885 3668 superioribus
912 3605 951 3652 ao
978 3587 1179 3670 sequentibus
1212 3588 1307 3654 dictis
1337 3590 1435 3655 duo³⁰

271 3687 487 3752 thesaurorum
510 3707 627 3772 genera
648 3691 873 3767 monstrantur,
897 3709 995 3758 unum
1017 3690 1136 3758 scilicet
1152 3710 1212 3774 quo
1234 3691 1308 3758 filiis
1329 3691 1399 3760 the·

271 3791 429 3857 seminent
450 3792 566 3874 patres,
590 3791 677 3857 aliud
701 3810 760 3875 quo
783 3793 853 3858 sibi.
883 3793 958 3860 filiis
975 3812 1035 3877 quo
1057 3795 1175 3862 modo?
1196 3799 1232 3861 ut
1255 3794 1399 3860 erudiant

372 3993 406 4048 24
423 3994 620 4059 Marc.10‚24
721 3995 756 4050 25
773 3995 854 4081 Marc.
874 3997 915 4062 10,
933 3997 968 4053 25
1070 3997 1104 4053 28
1121 3997 1222 4052 Matth.
1241 4000 1265 4062 6,
1285 3999 1318 4052 19

320 4165 333 4218 1
348 4159 498 4234 pminontes
509 4167 551 4218 A:
565 4167 744 4235 preminentes
757 4168 784 4223 Β
797 4165 1008 4237 praeeminentes
1020 4186 1043 4225 c.
1053 4167 1112 4225 edd.
1124 4171 1255 4226 Halmius
1323 4170 1398 4225 210-

268 4257 327 4303 mus
345 4265 381 4305 coa
398 4249 490 4304 domos
507 4257 651 4306 commi
669 4254 697 4307 A
785 4253 818 4308 10
828 4253 922 4323 inquid
935 4255 991 4310 AB
1078 4255 1112 4310 19
1129 4257 1265 4324 praeclara
1276 4271 1312 4312 aa
1322 4271 1399 4326 prae·

266 4336 337 4391 clare
350 4338 536 4392 corr.m.2B
618 4337 772 4395 achitam
848 4342 1014 4410 queioooeo.
1028 4345 1081 4398 eA
1161 4344 1329 4413 diregnoB
1377 4374 1381 4382 ·
