3036 5004
432 393 470 448 de
488 389 625 461 gubern.
643 389 696 451 dei
715 390 739 448 V
756 395 772 457 5
789 392 901 448 25-31.
1167 396 1227 466 111

100 580 207 648 hostes
240 597 336 663 quem
367 582 526 648 exactores
560 583 645 648 sunt.
683 582 716 648 et
747 599 797 650 res
828 581 899 666 ipsu
928 581 988 651 hoe
1018 581 1153 654 inoliont:
1189 583 1230 654 sol

17 751 18 756 ,
101 684 205 752 hostes
229 683 367 768 fugiunt,
389 686 433 749 nt
448 685 515 754 uim
537 685 707 755 enesionis
729 686 877 755 enedont.
915 685 1102 770 etquidem
1124 687 1231 769 ipsun

17 863 18 868 Ἰ
99 787 169 866 hoo,
192 787 339 871 quemuis
361 789 475 856 durum
498 788 530 854 et
548 787 763 870 inluminun,
785 790 888 859 minues
903 790 1011 858 umen
1025 805 1122 874 grone
1135 791 1231 873 done

17 869 18 914 i
99 891 249 958 acerbum
264 893 342 969 eret,
361 891 388 958 si
404 909 510 958 omues
525 891 698 974 eeqnoliter
713 894 808 975 otqne
820 892 856 960 iu
870 909 1033 964 dommine
1048 892 1235 964 tolerarent.

77 993 182 1063 eillnd
209 993 372 1079 indignius
395 1011 432 1064 so
453 994 626 1077 poenalius,
659 994 742 1077 qnod
771 995 912 1066 oninium
941 1013 1018 1065 onus
1040 1011 1102 1064 non
1123 1013 1230 1066 omues

99 1097 269 1175 sustinent,
303 1098 401 1166 imum
422 1096 508 1180 quod
535 1099 736 1182 penperonloe
768 1099 910 1168 homines
941 1097 1061 1168 ttibute
1093 1099 1230 1170 lineum

98 1205 259 1285 premunt,
292 1201 325 1268 et
343 1199 532 1269 'infirmiores
563 1200 672 1268 ierunt
704 1200 842 1268 serenos
875 1200 1049 1270 fortiorum.
1086 1220 1144 1270 neo
1168 1202 1230 1270 aliu

98 1322 194 1372 onus
222 1305 280 1383 eet,
312 1305 396 1387 quod
423 1305 577 1372 sustinere
606 1323 667 1372 non
696 1307 836 1388 possunt,
870 1304 935 1374 uisi
963 1305 1038 1388 quie
1060 1307 1158 1374 iunior
1180 1307 1232 1377 est

98 1411 286 1476 miserorum
324 1408 446 1476 snroine
483 1425 578 1490 quem
608 1406 755 1476 insultes.
791 1427 839 1478 res
872 1407 1101 1478 nunninus
1134 1406 1281 1478 dissi-29

68 1513 313 1595 nmdlimseque
341 1511 515 1595 potiuntur,
545 1512 698 1582 inuidiam
720 1516 752 1578 et
774 1508 956 1597 egestotemss
993 1512 1116 1580 inuidis
1144 1511 1230 1580 enim

98 1618 146 1684 eet
170 1618 204 1682 in
227 1615 399 1695 solutione,
432 1616 554 1699 nostes
583 1617 616 1684 in
647 1615 808 1682 mutate.
845 1617 873 1682 ei
901 1616 1048 1700 respioine
1071 1615 1154 1699 quod
1175 1616 1230 1682 ds-

98 1719 254 1804 pendnnt,
279 1719 438 1788 ebuudnre
460 1719 637 1787 erbitneris:
667 1719 695 1784 si
716 1720 863 1802 respioiss
886 1719 967 1803 quod
988 1720 1115 1812 hubent,
1137 1737 1228 1804 ogere

98 1823 248 1908 reperies.
285 1823 355 1909 quis
383 1824 546 1892 antimus
572 1841 642 1892 rem
669 1823 761 1890 huius
784 1823 961 1906 iniquitatis
981 1823 1108 1907 potenti
1144 1823 1230 1890 solu·

99 1929 220 1996 tionem
254 1927 411 1996 sustinent
445 1928 582 1998 lineum
604 1929 636 1994 et
657 1927 866 2010 indigentiam
898 1927 1121 1996 mendioorum.
1159 1927 1229 2011 plue

70 2033 204 2100 umulto
238 2033 286 2097 est
320 2031 401 2114 quod
434 2030 574 2101 dicturus
608 2047 687 2099 snm.
725 2031 915 2100 odientiouee
951 2031 1135 2098 tributaries
1168 2031 1230 2113 ipsi

17 2167 18 2172 ,
100 2136 262 2202 interdum
295 2135 410 2202 diuites
439 2133 569 2212 leniunt,
600 2152 656 2218 pro
683 2134 795 2217 quitus
824 2153 974 2218 pauperes
1002 2134 1139 2200 eolnuut.
1176 2133 1282 2207 eedao

99 2237 194 2306 dioise
224 2255 297 2304 oum
324 2240 462 2321 ipsorum
489 2237 645 2304 maximus
668 2256 778 2306 oeneus
799 2241 841 2305 sit
863 2238 895 2304 et
916 2238 1056 2322 ipsorum
1077 2241 1230 2306 moximae

98 2341 276 2425 pensiones,
301 2342 453 2424 quomodo
475 2341 542 2409 ueri
564 2341 598 2408 id
618 2342 730 2424 potest,
753 2342 789 2407 ut
810 2341 871 2424 ipsi
885 2342 945 2409 eibi
959 2360 1072 2426 sugere
1088 2342 1231 2408 debitum

99 2445 224 2512 nelinti
258 2464 359 2528 neque
393 2463 449 2528 ego
471 2446 504 2514 id
526 2444 611 2525 dieo,
641 2445 724 2528 qnod
744 2444 805 2512 eibi
826 2447 977 2528 engeten
1009 2463 1084 2512 nom
1107 2449 1138 2512 et
1159 2445 1231 2511 ideo

70 2550 227 2633 uengent,
259 2551 332 2633 quin
361 2566 421 2614 non
451 2548 513 2617 eibi
534 2550 661 2634 augent.
699 2549 800 2616 dinem
825 2547 986 2630 quomodo.
1008 2549 1141 2615 ueniunt
1163 2549 1230 2632 ple·

99 2672 234 2737 numque
264 2655 336 2720 noui
365 2652 467 2722 nuntii
495 2653 570 2720 noui
591 2653 763 2736 epistolarii
784 2672 804 2720 o
825 2652 957 2720 summis
979 2651 1230 2720 sublimitatibus

100 2756 209 2836 missi,
245 2757 300 2840 qui
329 2757 588 2824 oommenduntur
616 2755 801 2822 inlustrilm
823 2757 931 2839 paneis
954 2758 992 2822 ed
1015 2756 1110 2822 exitio
1130 2756 1231 2839 pluri·

100 2878 236 2927 morum.
278 2859 485 2927 deoernuntur
519 2860 569 2928 his
606 2878 687 2927 noun
722 2876 852 2928 munere
888 2861 1097 2927 deeemuntnr
1131 2877 1231 2927 nonno

100 2963 300 3030 indictiones.
330 2965 499 3032 decernunt
513 2965 656 3047 potentes
671 2965 754 3048 quod
768 2965 893 3031 solum
906 2982 1067 3048 pauperes,
1090 2963 1231 3028 decernit

70 3068 206 3149 egrotis
235 3067 372 3134 diuitum
398 3071 480 3150 quod
506 3067 617 3150 perdet
643 3069 738 3136 turbe
764 3068 963 3146 miserorum
996 3067 1056 3150 ipsi
1083 3067 1167 3133 enim
1195 3066 1230 3132 iu

102 3171 190 3236 nullo
213 3172 356 3238 sentiunt
377 3173 457 3254 quod
480 3171 660 3240 deoernunt.
697 3171 752 3240 sed
773 3189 835 3238 non
856 3170 996 3256 possunt,
1024 3169 1136 3253 inquis,
1168 3186 1231 3236 nou
1239 3170 1279 3236 31

151 3395 168 3447 1
188 3392 311 3447 indicunt
328 3392 376 3449 sed
392 3410 411 3448 n
424 3399 525 3463 poster.
534 3401 632 3464 pomo
650 3394 678 3449 A
789 3395 856 3450 ‘lut
872 3394 930 3449 uim
948 3410 982 3450 en
999 3393 1103 3450 etnim
1120 3394 1147 3448 A
1160 3407 1232 3448 eoru.

101 3481 166 3534 Μ
184 3479 610 3540 iteonexeotionisenexsotiones
704 3480 753 3536 hoo
770 3482 859 3550 ipsum
877 3481 905 3535 Β
1001 3480 1132 3549 detquee
1150 3479 1231 3534 sede

98 3571 203 3632 poster.
219 3571 315 3633 penset.
334 3568 362 3619 A
457 3567 629 3635 iipoennline
646 3581 681 3622 en
698 3567 836 3635 poenalius
853 3568 880 3620 A
899 3569 1045 3623 oorr.m.2
1139 3564 1231 3619 ‘leer-

101 3652 189 3706 einom
202 3651 231 3705 Β
317 3651 613 3708 9‘dissimilissimesA
625 3653 701 3710 haesi
711 3653 768 3709 seio
781 3652 1063 3722 aorer’Holmiue;
1075 3667 1122 3722 epo
1132 3651 1232 3706 nonos·

101 3736 357 3807 dissimilimtsqnee
371 3744 468 3807 monn.
489 3740 556 3794 eise
572 3738 621 3806 fio.
716 3740 749 3795 10
766 3741 808 3794 eet
825 3739 898 3794 onim
916 3737 944 3793 Β
1029 3738 1062 3792 11
1082 3737 1231 3792 defendunt

101 3824 129 3877 B
225 3823 541 3896 dependunt-respioise
558 3826 630 3897 qnod
646 3827 675 3881 A
690 3827 721 3881 iso
738 3826 874 3892 inferiore
889 3841 976 3895 mnrp.
994 3827 1061 3880 Μ
1080 3823 1232 3892 (lectionem

102 3908 258 3979 dependunt
278 3925 334 3980 pro
360 3910 509 3965 defendunt
535 3913 696 3968 contectura
721 3912 864 3966 attenuisse
890 3916 930 3967 eet
951 3909 1160 3974 Rieasoostos)

21 4021 22 4038 κ
103 3995 136 4049 13
162 3996 294 4065 repperies
320 3997 378 4052 AB
417 3999 483 4069 rem]
510 3999 567 4053 uim
594 3997 795 4055 Responsio
915 3995 1048 4053 notionem
1073 3995 1232 4064 sospitam

103 4081 251 4138 Hortols'ue
346 4086 380 4138 14
397 4085 537 4141 sustinuut
554 4085 582 4139 Β
668 4084 822 4154 indigentie
838 4082 866 4138 Β
964 4083 996 4137 18
1013 4081 1042 4134 id
1059 4081 1119 4135 fleri
1136 4078 1164 4134 Β

103 4169 158 4235 ipse
175 4168 204 4222 Β
299 4170 333 4224 19
350 4170 438 4224 uelint
455 4187 491 4226 eoo
507 4171 610 4226 uellent
626 4173 654 4225 A
670 4185 740 4227 noer.
758 4173 827 4226 Μ
923 4168 957 4224 22
974 4167 1167 4223 odmendsntnr
1184 4164 1233 4221 sed

104 4255 244 4323 optime
266 4255 325 4326 opto
348 4263 414 4312 mest.
433 4258 548 4313 sedin
565 4273 581 4312 o
600 4259 626 4312 A
727 4257 761 4312 25
783 4258 878 4327 perdet
893 4255 949 4311 AB
974 4253 1011 4321 of.
1025 4270 1056 4324 p.
1074 4255 1137 4319 112,
1156 4255 1181 4308 6.
1200 4256 1231 4309 o:

105 4340 203 4408 pendet
219 4340 421 4398 Bitterelmso'ue
438 4343 567 4399 Heinsius
