2972 5000
266 423 309 490 64
749 417 909 473 Saluiani

266 612 412 695 respiciat
444 613 596 694 quomodo
630 609 875 676 innumerabiles
908 608 1016 693 populi
1049 607 1240 675 oesseutibus
1268 605 1392 672 meritis

266 715 363 781 etiam
385 714 513 779 nomina
529 712 743 796 perdiderunt.
775 713 941 780 dnodeeim
955 712 1170 779 Hebraeorum
1184 709 1295 793 tribus,
1319 728 1393 774 enm

265 817 383 882 eleotae
409 817 565 899 qnondam
587 835 607 882 a
627 819 684 884 deo
707 821 829 898 essent,
853 819 913 883 duo
935 815 1062 882 nomina
1084 815 1283 880 saerosenota
1303 830 1394 878 aeae·

264 923 395 1004 pemnt:
423 921 454 985 et
481 919 615 1002 populus
644 921 727 985 enim
740 949 743 954 ·
757 919 808 985 <lei
830 922 862 985 et
883 916 1003 983 Israhel
1026 918 1201 1001 appellatae
1224 919 1306 982 sunt.
1344 914 1393 980 sio

264 1024 378 1106 qnippe
399 1022 548 1107 legimus:
583 1022 675 1089 andi
702 1022 869 1106 populus
890 1039 1013 1100 meus,
1042 1021 1080 1086 et
1101 1021 1257 1103 loquar;
1289 1020 1393 1084 Isra—
1422 1038 1442 1081 5

264 1125 343 1205 hel,
375 1126 413 1191 et
438 1124 692 1193 testificabor
720 1126 806 1192 tihi.
841 1143 914 1210 ergo
941 1123 1049 1192 Iudaei
1078 1123 1246 1206 aliquando
1267 1122 1395 1186 utrum·

264 1246 339 1311 que,
368 1247 451 1294 nune
480 1232 638 1295 neutmm.
671 1247 747 1294 uam
777 1248 834 1294 nee
863 1227 914 1293 dei
943 1229 1076 1310 populus
1105 1227 1168 1291 diei
1201 1226 1305 1307 potest
1338 1221 1394 1306 qui

263 1331 384 1412 eultum
413 1331 464 1397 dei
491 1333 567 1398 elim
593 1332 737 1416 reliquit,
772 1350 829 1398 neo
858 1333 967 1397 uidens
997 1333 1092 1397 deum
1125 1327 1179 1413 qni
1207 1327 1259 1393 dei
1290 1327 1395 1391 filium

262 1434 441 1518 denegarit,
464 1435 546 1500 siout
569 1435 809 1518 scriptumest:
839 1434 998 1501 Israhel
1018 1453 1110 1501 uero
1132 1451 1190 1497 me
1214 1449 1288 1497 uon
1310 1448 1396 1514 eug-

232 1537 390 1622 4nouit‚
426 1537 464 1604 et
496 1539 662 1622 populns
695 1558 752 1604 me
786 1557 858 1606 uon
894 1538 1117 1604 intellexit.
1155 1539 1281 1619 propter
1308 1533 1440 1617 quodue

263 1641 358 1707 etiam
381 1641 458 1707 alibi
481 1643 556 1708 <leue
578 1644 687 1707 noster
710 1643 747 1708 de
768 1642 956 1708 Iudaeorum
981 1642 1072 1724 plebe
1094 1639 1234 1724 loquitur
1255 1639 1297 1703 ad
1318 1654 1394 1721 pro·

262 1743 390 1826 phetam
405 1745 526 1810 diaeum
549 1764 645 1811 uooa
666 1764 805 1812 nomen
827 1746 928 1824 eius,
951 1744 1200 1812 nondileota.
1230 1741 1395 1806 etiterum

261 1849 302 1914 ad
323 1848 453 1912 Iudaeos
475 1847 576 1931 ipsos:
607 1865 675 1914 nos
697 1867 771 1914 non
794 1847 892 1914 estis
913 1850 1084 1931 populus
1103 1863 1230 1924 meus,
1262 1846 1301 1913 et
1319 1861 1395 1927 ego

261 1968 335 2016 non
364 1969 446 2015 sum
475 1951 568 2016 deus
597 1952 740 2016 uester.
778 1970 833 2016 eur
862 1953 969 2016 autem
995 1952 1054 2016 hoe
1077 1950 1116 2017 ‹le
1144 1951 1187 2016 eis
1216 1947 1333 2014 (linerat
1358 1949 1397 2012 et

260 2055 325 2137 ipse
347 2053 425 2119 alibi
447 2054 609 2120 euidenter
623 2053 773 2134 ostendit;
798 2055 843 2119 sio
864 2053 977 2137 quippe
999 2053 1059 2119 ait:
1085 2051 1436 2135 dereliqueruutrs

260 2175 400 2222 uenam
438 2173 625 2240 aquarum
662 2156 892 2222 uiuentium
929 2158 1138 2222 dominnm.
1187 2161 1220 2222 et
1256 2158 1392 2220 iterum:

260 2262 438 2342 uerbum,
475 2259 595 2342 inquit,
633 2259 782 2325 domini
818 2261 1077 2343 proiecerunt
1110 2262 1150 2324 et
1186 2257 1396 2340 sapientia

229 2363 373 2432 trulla
395 2366 454 2427 est
475 2360 517 2427 iu
539 2363 638 2428 illis.
655 2363 751 2446 ‘quod
775 2365 902 2447 quidem
922 2367 1019 2429 timeo
1042 2382 1081 2427 ne
1103 2381 1165 2428 nou
1190 2360 1396 2446 magistrun

260 2467 298 2532 de
321 2466 366 2531 eis
389 2465 454 2532 diei.
473 2465 611 2550 potuerit
634 2486 729 2550 quam
750 2468 788 2532 de
809 2467 899 2534 nobis
920 2484 1001 2532 nuno
1023 2466 1085 2532 diei
1106 2465 1215 2548 possit
1238 2465 1311 2547 quia
1332 2481 1394 2528 neu

259 2569 365 2634 uerbis
400 2569 566 2634 dominicis
600 2569 865 2652 obtemperamus,
900 2569 1013 2652 etqui
1045 2569 1151 2634 uerbis
1180 2568 1300 2634 domini
1328 2584 1434 2632 nauso

259 2669 469 2754 obsequimur,
492 2670 682 2752 sapientiam
696 2672 836 2754 profeeto
850 2673 883 2737 in
898 2673 988 2739 nobis
1003 2675 1129 2756 penitus
1152 2690 1213 2737 uon
1228 2672 1389 2738 hahemus.

258 2775 319 2840 nisi
352 2773 483 2838 fortasse
517 2774 672 2840 oredimus
705 2774 863 2859 sapienter
891 2793 947 2841 nos
972 2776 1072 2841 deum
1106 2794 1250 2859 spernere
1277 2776 1309 2839 et
1330 2773 1391 2838 hoe

258 2877 378 2961 ipsum,
410 2877 492 2960 quod
513 2875 629 2942 Christi
661 2877 812 2943 mandata
847 2878 1093 2963 contemnimus,
1126 2894 1283 2944 summam
1309 2895 1391 2961 pru·

229 2979 399 3048 fidentiam
420 2979 602 3045 iudieamne.
636 2982 684 3045 eet
706 2980 832 3064 quidem
851 3000 953 3062 eausa,
984 3001 1039 3048 eur
1060 2982 1119 3048 hoo
1139 2983 1185 3048 ita
1207 2982 1389 3046 existimare

260 3082 440 3160 credamur3
463 3101 538 3148 ram
559 3085 649 3149 tanto
671 3101 823 3151 consensu
838 3103 945 3152 omnes
961 3090 1089 3169 peooete
1103 3085 1273 3168 sequimur,
1297 3085 1434 3166 quasise

259 3183 373 3251 summi
407 3185 529 3252 consilii
562 3188 787 3270 conspiratione
820 3207 993 3272 pereamus.
1031 3206 1111 3274 quae
1139 3206 1210 3254 oum
1240 3187 1289 3252 ita
1311 3186 1388 3265 siut,

251 3307 338 3376 ¹quae
358 3291 438 3354 ratio
455 3293 512 3368 est,
535 3292 572 3354 ut
587 3289 649 3373 ipsi
662 3309 720 3357 nos
735 3291 815 3358 false
831 3293 973 3375 opinione
989 3293 1147 3371 fallamus,
1170 3291 1388 3356 existimantes

259 3389 392 3470 scilieet,
427 3392 500 3474 quia
522 3391 695 3458 Christiani
729 3412 795 3459 esse
827 3395 975 3475 dieamur,
1009 3397 1101 3478 qnod·
1120 3393 1269 3477 opitulari
1296 3392 1387 3456 nobis

257 3493 340 3559 inter
368 3495 454 3560 mela
484 3512 561 3577 quae
588 3497 710 3580 agimus
740 3515 852 3563 nomeu
877 3496 994 3563 bonum
1016 3500 1130 3580 possit,
1165 3516 1236 3563 oum
1258 3497 1389 3588 spiritus
1454 3534 1457 3542 ·

359 3716 695 3786 5Peel.49‚7;8o‚9
797 3720 974 3786 91sa.1‚3
1086 3721 1120 3778 12
1144 3717 1189 3775 Os.
1214 3717 1387 3785 l‚9ltom.

257 3801 282 3867 9,
300 3801 356 3860 25,
438 3803 471 3859 15
492 3802 610 3859 Hieram.
629 3806 670 3869 17,
690 3805 723 3859 13
826 3806 860 3862 17
882 3806 998 3863 Hieram.
1017 3808 1042 3874 8,
1055 3807 1076 3871 ,9

308 4008 322 4063 1
341 4007 547 4064 innumerabilis
564 4011 592 4063 A
695 4011 714 4064 4
736 4010 820 4066 Israel
837 4012 865 4065 Β
885 4013 962 4088 (item
975 4011 1066 4080 iufra)
1170 4014 1187 4067 8
1205 4012 1338 4081 reliquens
1355 4009 1387 4063 Β

257 4093 421 4164 (relinquam
439 4095 478 4149 To
497 4099 524 4149 et
541 4099 606 4150 m.1
622 4101 648 4164 o)
738 4095 771 4150 10
788 4111 831 4150 me
847 4097 878 4151 in
889 4097 937 4164 fia.
950 4098 1000 4154 tire.
1013 4096 1078 4153 odd.
1091 4112 1125 4153 m.
1136 4110 1190 4153 aaa.
1202 4112 1236 4151 ns
1252 4099 1280 4152 A
1298 4094 1386 4166 (mooe

256 4178 394 4236 Ballistae
416 4182 467 4236 atii
490 4181 637 4237 ediderant
657 4196 731 4238 meus
754 4184 808 4251 me)
911 4185 943 4239 11
967 4185 1034 4239 alibi
1057 4186 1141 4240 etiam
1162 4184 1192 4239 Β
1294 4181 1329 4237 14
1349 4181 1387 4236 du

256 4266 295 4320 eis
313 4267 369 4335 ipse
387 4265 487 4322 diceret
504 4266 532 4323 Β
630 4266 730 4324 ditaret
747 4284 780 4323 ex
797 4267 882 4324 dicere
898 4271 932 4323 A·
943 4285 1012 4326 oorr.
1029 4272 1099 4328 Μ
1196 4271 1224 4324 et
1240 4270 1306 4340 ipse]
1325 4267 1387 4336 ipse

256 4352 285 4406 B
389 4352 424 4406 24
440 4370 487 4408 our
503 4353 531 4407 Β
547 4369 568 4414 a.
588 4355 606 4409 l.
710 4356 745 4412 28
762 4356 895 4427 opitulare
912 4357 939 4412 A
