3096 5018
260 436 326 502 280
748 433 904 488 Saluiani

204 622 375 691 36honore
409 624 600 707 superarent.
641 624 715 706 quid
750 623 834 688 euim
867 626 980 689 rectius
1016 624 1090 708 quid
1124 627 1224 708 magis
1258 625 1390 705 iustum,

258 743 352 810 quam
382 728 418 791 ut
450 725 504 809 qui
531 726 674 792 meliores
702 728 778 791 sunt
808 727 890 792 idem
920 728 1016 793 etiam
1039 729 1251 794 honoratiores
1275 732 1389 809 essent,

257 829 312 912 qui
333 829 465 894 uinouut
492 829 608 894 iudioio
636 829 719 894 idern
742 831 904 895 uineersnt
927 831 1073 912 praemio,
1099 830 1153 912 qui
1177 832 1331 896 antistant
1353 833 1388 897 in

258 929 419 1016 euangelio
441 950 528 998 sacro
549 933 768 1014 idemquoque
783 933 816 998 in
833 934 1022 1000 testamento
1038 934 1175 998 humano
1190 935 1394 1018 antistarent

259 1036 291 1099 et
312 1036 371 1100 hae
393 1036 500 1103 saltim
523 1055 556 1100 re
579 1037 778 1101 ooneordaret
801 1055 872 1101 oum
894 1039 1058 1102 uoluntate
1081 1035 1197 1102 (thristi
1222 1039 1389 1119 parentum
1413 1059 1429 1099 e

257 1139 359 1222 pietas
384 1157 420 1204 ao
442 1139 598 1217 uoluntas,
626 1141 662 1205 ut
685 1157 760 1221 quos
784 1141 859 1204 deus
882 1140 1111 1223 praeposuisset
1139 1140 1290 1205 eleotione
1319 1159 1390 1205 eos-

258 1241 330 1306 dem
362 1241 458 1306 etiam
492 1243 635 1324 parentes
668 1244 891 1324 anteponerent
925 1243 1087 1328 dignitate.
1126 1245 1180 1308 sed
1203 1261 1262 1308 non
1284 1244 1388 1308 solum

259 1345 316 1410 hoe
339 1362 400 1409 non
423 1343 538 1428 agitur,
563 1346 614 1410 sed
638 1347 670 1410 in
687 1346 845 1410 diuersum
862 1348 967 1412 omnia
982 1347 1126 1428 aguntur.
1159 1349 1392 1428 praeponuntur

259 1449 342 1513 enim
366 1448 452 1532 puris
482 1449 701 1514 commaculati
724 1448 953 1531 praeponuntur
981 1449 1124 1514 fidelibus
1146 1449 1239 1531 inpii,¹
1259 1467 1390 1532 praepo·

259 1555 377 1617 nuntur
408 1552 521 1617 lumini
544 1552 690 1617 tenebrae
721 1551 923 1634 praeponitur
950 1555 1035 1616 terra
1068 1553 1163 1627 eaelo,
1187 1551 1390 1634 praeponitur
1399 1577 1431 1617 ιο

259 1657 394 1721 mundus
427 1656 492 1720 deo.
530 1657 561 1720 et
589 1673 735 1720 suasuros
765 1673 797 1720 se
826 1655 1002 1720 huiusmodi
1036 1659 1179 1737 parentes
1202 1656 1254 1720 uel
1277 1657 1308 1721 in
1333 1655 1390 1721 hoo

260 1757 325 1822 solo
359 1757 511 1822 iudicium
544 1757 593 1822 dei
627 1755 807 1835 aestimant,
842 1758 897 1841 qui
924 1759 1045 1823 cultum
1075 1757 1125 1824 dei
1149 1761 1180 1823 et
1202 1759 1390 1842 dignitatem

259 1859 367 1925 iudicii
392 1861 441 1924 sui
463 1859 651 1942 indignitate
673 1858 886 1925 ooneulmnt‘r

208 1963 249 2029 37
303 1963 409 2028 VIIII.
444 1962 503 2029 Sed
537 1963 685 2027 uidelicet
717 1981 779 2028 non
814 1963 996 2044 contemptu
1025 1963 1074 2027 dei
1108 1965 1217 2030 dieunt
1243 1968 1391 2046 parentes

259 2066 335 2132 haee
359 2084 377 2130 a
400 2085 432 2130 se
460 2066 527 2130 fieri
560 2066 615 2130 sed
649 2083 742 2133 causa
775 2066 869 2148 atque
899 2065 1028 2132 ratione.
1068 2066 1180 2150 quibus
1214 2067 1307 2144 enim,
1342 2070 1432 2136 iura

260 2169 382 2253 quiunt,
406 2169 550 2235 relictam
571 2168 780 2234 substantiam
795 2169 939 2234 relicturi
955 2173 1027 2233 sunt
1044 2169 1125 2236 filios
1141 2187 1202 2236 non
1219 2170 1391 2236 babentes?

260 2272 362 2337 dinam
394 2273 517 2354 quibus,
547 2289 612 2337 neo
634 2271 802 2338 nominabo
826 2291 885 2348 eos,
919 2291 997 2354 quos
1017 2291 1122 2356 supra·
1135 2273 1208 2354 dixi,
1238 2292 1391 2357 pauperes

259 2374 320 2459 dei,
343 2393 406 2440 uon
429 2375 552 2440 alienos.
568 2377 622 2440 aut
645 2376 736 2458 longe
760 2374 887 2456 positos
911 2393 949 2439 ne
971 2375 1085 2440 durum
1103 2380 1158 2442 aut
1180 2376 1390 2442 inhumanum

259 2477 340 2544 forte
374 2477 527 2543 uideatur.
564 2477 636 2543 illos
672 2479 742 2543 dieo
772 2495 858 2545 oaros
882 2481 913 2544 et
935 2475 1113 2568 indiuiduos
1141 2481 1173 2543 et
1201 2497 1278 2561 quos
1306 2481 1393 2544 reete

260 2581 357 2655 etiam
379 2599 445 2664 uos,
469 2583 522 2663 qni
544 2582 663 2650 multas
686 2582 811 2646 suboles
834 2581 966 2660 habetis,
989 2581 1068 2648 filiis.
1087 2581 1270 2650 antefertis:
1305 2583 1433 2664 ipsosne

260 2703 293 2750 se
316 2685 444 2767 inquam
466 2684 616 2765 homines,
647 2703 664 2750 ο
688 2684 897 2752 infidelissimi
918 2686 1072 2768 parentes,
1101 2689 1184 2766 ipsos
1207 2704 1240 2750 se
1262 2685 1392 2766 insuam

260 2787 417 2852 dicimus..
440 2787 607 2869 numquid
623 2791 727 2869 potest
757 2787 887 2857 ouilibet
916 2789 1087 2870 quidquem
1110 2808 1143 2854 so
1164 2788 1234 2870 ipso
1264 2787 1393 2870 propius

259 2889 410 2970 numquid
442 2891 544 2956 narius
573 2889 732 2955 inueniri?
768 2909 856 2958 suam
886 2891 1052 2974 uuicuique
1082 2897 1225 2960 uestrum
1253 2891 1393 2962 enimam

205 2990 249 3058 38
259 3010 349 3058 suam
384 2993 520 3060 salutem
554 3011 643 3060 suam
678 3012 763 3076 spem
794 2996 1057 3064 sommendamus.
1095 3000 1126 3062 et
1157 2996 1224 3077 pios
1247 3013 1303 3061 uos
1326 3011 1392 3059 esse

260 3094 373 3175 dioitis,
396 3096 450 3179 qui
471 3095 552 3167 filios
576 3097 740 3180 dirigetis?
778 3098 858 3164 nihil
880 3101 973 3180 plane
996 3099 1103 3164 durius
1128 3099 1215 3166 nobis
1238 3098 1433 3166 nihilrin-as

259 3199 436 3284 humanius,
466 3199 547 3267 nihil
576 3203 644 3266 tam
672 3200 783 3280 ferum,
814 3202 895 3268 nihil
918 3202 985 3268 tam
1007 3202 1130 3286 inpium
1152 3201 1215 3268 diei
1236 3204 1349 3283 potest,
1374 3218 1397 3264 a

261 3303 376 3388 quibos
407 3304 560 3386 inpetrari
593 3303 719 3374 omnino
753 3321 816 3372 uon
848 3305 953 3388 potest
987 3308 1023 3370 ut
1055 3323 1111 3371 uos
1149 3305 1232 3387 ipsos
1269 3303 1393 3370 ametis.

311 3491 329 3546 3
355 3493 495 3547 antestant
521 3508 554 3547 ex
580 3493 716 3551 antistant
742 3508 811 3548 cerr.
831 3509 865 3547 m.
885 3495 905 3547 2
928 3493 956 3550 Β
983 3500 1009 3550 et
1034 3494 1128 3549 stetim
1144 3491 1342 3570 'antestarentf

258 3577 392 3650 bvsaltem
410 3593 445 3632 es
463 3579 554 3632 saltim
573 3595 643 3634 corr.
655 3582 722 3635 m.2
738 3579 767 3632 A
862 3577 879 3634 9
897 3577 1052 3634 fidedeiibus
1066 3584 1164 3648 pubet.
1179 3579 1227 3651 ott.
1247 3579 1279 3633 de
1296 3576 1324 3633 A

259 3663 294 3717 10
316 3669 380 3733 post
405 3663 529 3718 tenebrae
551 3661 617 3718 add.
643 3679 675 3732 p:
703 3663 877 3733 praeponitur
904 3666 965 3717 uita
991 3663 1073 3718 morti
1178 3663 1211 3718 12
1237 3648 1396 3718 existimant

258 3749 460 3806 Rittarsboaios
562 3751 597 3804 20
620 3750 723 3806 soboles
741 3750 769 3804 B
871 3750 1114 3820 ipsos-parentes
1135 3749 1309 3804 mamaeae
1326 3762 1394 3804 oea-

259 3835 348 3890 loram
366 3852 416 3890 orn.
435 3837 475 3898 A;
499 3841 618 3891 ceteram
636 3837 703 3891 bosa
720 3836 805 3890 amba
825 3841 851 3889 et
868 3851 937 3906 seqq,
955 3837 1026 3904 ipsos
1045 3853 1066 3890 s.
1078 3835 1097 3888 i.
1116 3835 1230 3890 disimus
1247 3851 1319 3890 eane
1336 3851 1397 3890 reon

258 3927 339 3987 aeret·
361 3921 427 3988 sort.
445 3921 540 3976 scrib.-
556 3921 624 3990 ipsis
641 3921 949 3990 relinquanthomines,
967 3938 992 3978 oe
1009 3922 1028 3976 i.
1046 3937 1081 3993 p,
1106 3923 1172 3990 ipsis
1189 3922 1300 3990 iuquam
1319 3921 1395 3991 [dioi-

258 4008 341 4078 mus];
369 4008 517 4065 Haedos
533 4009 708 4076 roepieatur:
733 4010 805 4076 ipsos
823 4023 880 4062 esse
897 4009 1008 4076 iuquam
1026 4008 1156 4072 homines,
1182 4024 1207 4064 o.
1225 4008 1244 4061 i.
1262 4025 1299 4077 p,
1322 4010 1396 4078 ipsos

260 4101 298 4170 [ae
314 4094 432 4164 inquam]
451 4093 567 4154 disimus
655 4093 688 4154 21
707 4093 780 4162 ipsos
799 4109 827 4148 se
842 4109 865 4147 a.
884 4094 957 4162 ipsos
967 4109 1018 4154 aar.
1031 4110 1066 4150 m.
1078 4097 1099 4150 2
1111 4093 1128 4148 b
1140 4111 1162 4152 a
1181 4111 1209 4150 se
1225 4110 1279 4150 ser.
1297 4110 1322 4159 a,
1340 4110 1397 4164 pao

257 4181 428 4250 &metamor
450 4180 660 4250 ermpeoeadu
682 4197 738 4238 eaeo
760 4181 844 4236 mbo
865 4181 892 4234 A
996 4181 1030 4236 22
1053 4182 1201 4252 quiequam.
1214 4182 1275 4252 (eto)
1297 4183 1326 4236 A

256 4266 381 4335 proprius
398 4267 455 4330 AB
552 4267 586 4320 25
604 4267 645 4322 nil
663 4273 765 4336 paster
782 4265 908 4335 deinceps
925 4267 954 4322 B
1051 4267 1085 4322 26
1103 4268 1209 4338 inpium
1227 4283 1264 4323 aa·
1280 4269 1398 4338 impium

260 4367 331 4409 corr.
349 4367 452 4406 rasore
468 4353 496 4405 A
620 4387 638 4406 ,ι
691 4403 693 4410 ,
