3068 5012
558 425 706 494 epistola
729 425 822 479 VIIII.
1192 429 1255 494 219

122 633 186 680 non
208 614 330 697 patitur
352 613 467 697 adfligi,
498 614 694 698 indulgentia
721 615 840 680 scilicet
861 614 998 700 piissimi
1021 620 1053 681 et
1077 616 1254 683 mollissimi

122 719 222 802 patris
245 717 408 783 nobiseum
438 737 543 802 agens,
572 718 625 800 qui
648 719 748 800 magis
771 718 842 783 uult
864 737 918 784 nos
942 722 975 784 in
996 737 1072 802 pato
1095 721 1126 784 et
1148 719 1254 802 quiete

122 821 220 887 fidem
249 825 389 887 nostram
419 821 578 905 roligionis
609 820 754 902 operibus
784 823 946 887 ostendere
976 839 1070 905 quam
1092 822 1125 887 in
1148 842 1252 906 perse·

123 924 250 990 cutione
282 925 389 1006 poenis
422 929 600 988 nostrorum
634 941 794 1006 corporum
832 925 1030 1007 conprobare.
1069 926 1101 990 et
1128 927 1196 991 idco
1227 925 1254 990 si

101 1032 200 1092 stunc
223 1027 252 1090 ei
274 1027 320 1091 nil
342 1027 577 1109 praeferendum
600 1031 655 1107 est,
680 1029 800 1109 quando
821 1027 984 1092 nobiscum
1008 1046 1115 1110 aspare
1137 1029 1252 1110 agitur,

122 1150 161 1194 ne
196 1135 283 1195 tunc¹
306 1131 431 1212 quidem
465 1130 614 1211 praeferri
648 1129 747 1206 debet,
782 1130 904 1211 quando
938 1150 993 1212 per
1023 1131 1254 1214 indulgentiam

121 1234 193 1317 plus
221 1235 369 1298 merctur.
408 1231 462 1296 scd
490 1232 566 1298 haec
595 1234 651 1298 alii
673 1233 808 1315 tempori
830 1236 932 1316 magis
955 1238 1148 1318 congruunt:
1171 1253 1255 1300 nunc

122 1339 204 1421 quod
235 1339 392 1420 coepimus
422 1356 617 1419 exequamur.
656 1337 766 1402 uidens
794 1337 892 1420 igitur
914 1338 1047 1420 scriptor
1069 1338 1132 1421 ille,
1162 1359 1254 1422 quom
1286 1338 1307 1401 9

121 1441 269 1520 diximus,
293 1461 403 1524 graues
422 1444 514 1522 atque
530 1440 724 1523 multiplices
740 1439 986 1506 christianorum
1000 1459 1099 1524 paene
1114 1444 1254 1507 omnium

87 1571 112 1610 rc
120 1545 248 1608 morbos
284 1547 377 1626 atque
401 1561 420 1609 a
442 1546 562 1609 cunctis
593 1544 627 1606 in
657 1545 789 1609 ecclesia
820 1545 929 1627 positis
963 1563 1023 1608 non
1057 1546 1157 1610 solum
1192 1563 1252 1610 non

121 1649 268 1730 postponi
297 1649 403 1713 omnia
431 1649 505 1730 deo,
535 1648 588 1711 sed
611 1666 706 1730 prope
729 1651 841 1712 cuncta
863 1649 1009 1730 praeponi
1034 1673 1089 1710 -ι
1124 1669 1197 1714 nam
1221 1652 1252 1714 et

121 1751 238 1816 ebriosi
266 1751 299 1815 in
328 1751 529 1816 ebrietatibus
559 1751 652 1816 deum
682 1769 826 1833 spernere
854 1751 1003 1816 uidentur
1031 1754 1063 1816 et
1092 1751 1197 1834 cupidi
1220 1753 1253 1816 in

122 1854 297 1934 cupiditate
319 1859 351 1920 ot
377 1854 528 1936 impudici
558 1858 590 1918 in
622 1853 752 1920 libidine
783 1857 814 1920 et
843 1854 965 1920 cruenti
995 1856 1028 1919 in
1059 1855 1253 1933 crudelitate,

123 1961 154 2022 et
178 1959 212 2022 in
234 1957 282 2022 his
306 1958 450 2024 omnibus
472 1972 568 2040 paene
591 1976 712 2036 omnes,
745 1961 837 2040 atquo
866 1958 923 2022 hoc
944 1975 979 2022 eo
1002 1960 1144 2040 grauius,
1174 1961 1254 2040 quod

87 2087 112 2126 1⁵
121 2079 186 2125 non
209 2061 309 2125 solum
332 2060 407 2125 baec
429 2080 485 2143 per
507 2061 606 2124 scelus
628 2061 857 2126 atrocissimum
880 2062 933 2126 diu
955 2061 1177 2144 admittuntur,
1201 2063 1254 2126 sed

121 2183 161 2228 ne
184 2167 289 2248 postea
312 2166 438 2247 quidem
460 2183 515 2246 per
537 2164 763 2247 paenitentiam
786 2165 1000 2246 corriguntur,
1023 2165 1157 2229 manime
1181 2179 1254 2228 oum

121 2269 221 2333 etiam
243 2269 274 2333 in
297 2269 356 2344 his,
380 2269 434 2350 qui
456 2269 650 2351 paenitentes
677 2285 744 2332 osse
769 2267 925 2348 dicuntur,
954 2283 1066 2332 noman
1089 2268 1132 2330 sit
1154 2265 1253 2348 magis

120 2373 317 2454 paenitentia
332 2373 398 2454 ipsa
413 2391 506 2454 quam
523 2371 655 2453 fruetus,
679 2375 751 2452 quia
765 2389 876 2453 parum
893 2374 967 2434 sunt
982 2388 1087 2434 rerum
1104 2371 1254 2434 uocabula

120 2477 207 2558 ipsas
235 2493 285 2538 res
312 2493 373 2538 non
401 2474 550 2539 babentia
570 2477 602 2537 et
625 2474 705 2538 nihil
735 2476 891 2539 uirtutum
913 2472 1009 2538 uerba
1032 2475 1098 2538 sine
1121 2474 1251 2538 uiribus.

85 2579 251 2661 aplurimi
275 2597 409 2660 namquo
433 2596 468 2641 ao
490 2596 596 2659 paene
609 2579 711 2642 cuncti
734 2579 766 2641 et
788 2595 892 2641 rerum
915 2577 1108 2642 abundantes
1132 2579 1163 2639 et
1179 2593 1253 2642 con-
1265 2571 1308 2634 10

120 2683 180 2748 soii
209 2681 378 2746 eriminum
400 2699 436 2745 ao
457 2681 647 2765 flagitiorum
676 2699 802 2746 suorum
831 2698 892 2744 uon
921 2683 1011 2745 modo
1040 2698 1076 2745 oa
1098 2697 1175 2763 quas
1198 2681 1252 2745 ad-

120 2786 279 2850 miserunt
313 2784 524 2868 exomologesi
555 2801 590 2847 ao
619 2783 847 2862 satisfactione,
882 2784 937 2848 sed
967 2803 1005 2848 ne
1034 2783 1091 2848 boo
1119 2783 1253 2866 quidem,

120 2889 206 2972 quod
239 2889 426 2954 facillimum
454 2891 509 2970 est,
545 2888 631 2953 donis
661 2888 768 2953 saltim
791 2906 827 2952 ao
853 2887 1069 2953 misericordiis
1103 2889 1254 2954 redimere

120 2994 310 3075 dignantur,
345 2993 438 3074 atque
468 3010 529 3056 non
557 2993 658 3055 solum
681 2990 713 3055 id
736 2990 769 3054 in
792 2993 944 3074 prosperis
972 2992 1158 3074 neglegunt,
1190 2993 1253 3072 sed,

86 3096 204 3180 acquod
227 3096 365 3159 multum
386 3094 614 3178 inreligiosius,
637 3097 669 3158 in
693 3095 840 3172 aduersis,
865 3111 925 3157 non
949 3094 1050 3160 solum
1073 3095 1253 3174 incolumes,

121 3201 176 3265 sed
201 3199 298 3264 etiam
321 3197 509 3263 deficientes.
544 3202 634 3264 tanta
656 3197 857 3262 incredulitas
880 3199 926 3262 est
948 3198 1110 3262 hominum
1133 3202 1163 3260 et
1186 3199 1253 3260 tam

119 3301 229 3384 granis
257 3302 431 3366 infidelium
459 3302 590 3384 languor
614 3301 800 3380 animarum,
830 3302 867 3364 nt
890 3319 961 3364 cum
981 3300 1077 3365 multi
1100 3300 1253 3365 maximas

120 3425 194 3488 opos
226 3406 405 3488 heredibus,
440 3406 600 3470 interdum
631 3405 726 3470 etiam
757 3405 910 3468 extraneis
940 3403 1172 3486 derelinquant,
1195 3403 1254 3470 hoc

174 3664 259 3718 lant
276 3661 432 3716 mollissimi
450 3663 477 3716 Β
580 3663 675 3730 tagit
693 3668 739 3727 (ec.
758 3663 833 3728 dens)
852 3661 1053 3717 Rittarsboeius
1152 3663 1254 3715 item·

119 3749 181 3816 pori
201 3764 236 3803 aa·
251 3751 371 3816 tempore
387 3748 415 3802 B
439 3764 508 3802 corr.
526 3751 599 3802 Μ
703 3749 735 3802 13
758 3748 879 3816 inpudici
898 3763 931 3802 eac
949 3747 1069 3816 incupidi
1086 3748 1114 3800 Β
1131 3761 1201 3800 corr.
1219 3762 1253 3798 m.

121 3837 181 3903 212
286 3834 319 3889 13
337 3834 458 3888 crudenti
475 3833 523 3888 scd
541 3835 557 3886 d
574 3840 671 3902 pomer,
690 3833 716 3887 Β
820 3835 853 3888 16
875 3833 1051 3902 penitentiam
1070 3834 1098 3886 Β
1118 3839 1150 3887 act
1164 3833 1254 3901 poulo

116 3925 182 3988 poet
209 3920 361 3988 penitentes
494 3921 668 3988 corriguntur
698 3935 732 3974 eor
758 3922 934 3988 corrogantur
960 3921 987 3974 B
1015 3935 1083 3974 corr.
1111 3919 1186 3972 Μ

123 4008 156 4061 18
179 4007 330 4077 penitentia
353 4009 413 4076 ipsa
436 4009 463 4062 Β
493 4009 709 4076 poenitentiaop
812 4021 925 4076 paruum
943 4008 991 4062 ult.
1010 4011 1138 4076 upcmct.
1158 4007 1185 4060 Β

120 4094 157 4148 20
180 4094 368 4149 habundantes
391 4095 419 4149 B
522 4095 555 4148 21
580 4111 610 4148 ea
628 4095 706 4164 quae}
722 4109 779 4163 aeq:
800 4095 830 4148 Β
932 4093 1098 4147 admiserunt
1116 4109 1150 4146 ea
1168 4091 1255 4145 admi·

123 4187 184 4234 cern
201 4181 245 4235 int
261 4181 289 4235 B
307 4197 378 4236 corr.
397 4195 431 4234 m.
448 4185 466 4234 2
569 4181 604 4234 22
626 4180 802 4248 exomologesi
820 4181 847 4234 Β
871 4185 897 4234 et
915 4181 983 4234 coci.
1003 4179 1204 4234 monasterius
1225 4179 1254 4232 in

123 4268 343 4336 exomologesip
450 4268 485 4322 23
506 4267 637 4321 redemere
661 4265 689 4319 Β
794 4266 829 4320 25
851 4266 967 4320 multum
980 4264 1112 4319 :multo
1130 4269 1161 4318 ut
1181 4263 1255 4318 ΠΗ

124 4355 163 4406 62
265 4353 409 4407 incolomes
426 4353 455 4407 Β
558 4352 592 4407 28
609 4351 798 4421 derelinquunt
815 4352 842 4406 B
