3096 5018
17 1656 21 1804 t

406 433 417 446 ·
498 402 538 455 sd
556 404 730 458 eoalssism
753 404 783 458 11
803 408 817 468 ἕ
835 405 946 460 ol-ot.
1224 409 1287 478 265

160 597 192 658 et
216 591 353 674 quietem
375 611 484 660 ueram
511 593 701 660 desideranti
724 612 784 660 non
815 597 881 676 pati
911 596 1037 662 tantum
1060 599 1153 664 nimis
1174 617 1289 682 magna

158 693 352 778 inquietudo,
386 695 440 760 ssd
473 695 568 762 etiam
598 695 704 760 uidere
737 697 962 780 quodammodo
992 717 1065 779 pars
1096 701 1146 764 est
1167 701 1290 786 inquie-

161 798 287 878 tudinis,
312 817 449 882 quasque
473 799 600 864 etiamsi
622 799 755 865 subdere
779 799 891 883 aliquis
914 801 1098 884 disciplinas
1112 821 1148 868 an
1163 804 1289 870 silentio

160 903 248 984 uelit,
272 904 462 986 conprimere
484 907 590 968 tamen
614 922 721 968 earum
743 905 990 987 inquietudinem
1013 925 1084 973 oum
1103 924 1161 972 sua
1184 908 1290 989 quiete

138 1025 222 1072 snon
253 1007 366 1088 possit:
401 1010 476 1074 adeo
506 1009 601 1074 etiam
627 1008 698 1090 ipsa
720 1008 896 1076 emendatio
919 1012 1039 1076 alienae
1060 1009 1289 1092 inquietudinis

159 1111 353 1196 perturbatio
376 1114 424 1177 est
446 1112 569 1178 nostrae
593 1111 716 1194 quistis.
750 1112 956 1198 testantem,
981 1134 1060 1197 quse
1074 1114 1112 1200 ds
1135 1115 1193 1179 hoo
1215 1113 1342 1185 seruos

159 1216 254 1281 loouti
277 1233 393 1293 sumus,
415 1214 456 1280 ad
478 1233 582 1280 omnes
605 1215 762 1296 pertinent
785 1215 931 1299 omnique
953 1217 1070 1301 pariter
1092 1219 1189 1282 aetati
1204 1221 1290 1284 sexui

159 1318 397 1401 infirmitatique
433 1317 633 1384 oonusniunt.
682 1337 744 1383 non
777 1323 826 1384 est
863 1319 969 1402 itaque
1006 1321 1087 1403 quod
1127 1323 1290 1404 oonpotere

161 1422 326 1506 quisquam
349 1421 405 1485 aut
427 1439 489 1486 non
504 1420 610 1486 obesse
633 1420 763 1486 diuitias
786 1421 928 1506 religioni
951 1425 1055 1505 putet:
1079 1424 1291 1506 inpedimenta

124 1525 234 1590 rohaeo
268 1525 342 1592 sunt
372 1543 434 1590 non
463 1525 655 1606 adiumento,
690 1542 785 1590 onera
813 1542 874 1590 non
904 1525 1057 1592 subsidia.
1096 1526 1289 1610 possessione

160 1630 298 1696 enimet
325 1647 385 1694 usu
413 1646 506 1711 opum
535 1647 595 1694 non
629 1628 808 1694 suffulcitur
841 1630 951 1714 religio
981 1633 1034 1697 sed
1065 1629 1218 1696 euertitur
1241 1650 1290 1695 se·

161 1734 297 1798 eundum
325 1733 421 1815 illud,
453 1735 533 1816 quod
564 1733 706 1798 dominus
736 1734 800 1815 ipse
829 1734 920 1799 dicit:
949 1734 1186 1800 sollicitudo
1210 1752 1289 1798 sae-

160 1838 237 1902 culi
274 1837 398 1902 istius
435 1838 472 1902 et
509 1836 674 1902 fallacia
711 1836 950 1902 dinitiarum
987 1838 1191 1904 suffocant
1229 1837 1290 1902 dei

159 1943 319 2007 uerbum
354 1941 393 2005 et
425 1940 509 2006 sine
544 1941 680 2006 fructu
715 1940 917 2008 efficitur.
956 1944 1078 2025 proprie
1114 1943 1221 2024 utique
1255 1959 1291 2005 ao

124 2046 239 2110 issatis
269 2044 398 2126 pulchre
427 2043 555 2110 falleres
586 2045 666 2109 dixit
695 2064 763 2110 esse
790 2045 933 2111 diuitias:
965 2046 1048 2110 bona
1069 2045 1154 2110 enim
1177 2045 1210 2110 et
1231 2064 1289 2126 pu-

159 2151 269 2214 tantur
292 2152 323 2214 et
345 2149 541 2234 appellantur
556 2167 592 2213 ao
613 2167 670 2234 per
693 2148 750 2213 hoe
773 2148 889 2214 feliunt
904 2149 1045 2213 homines
1061 2149 1186 2214 nomine
1201 2165 1291 2230 prae·

160 2254 296 2319 sentium
317 2251 481 2334 bonorum,
506 2271 577 2317 num
600 2253 665 2318 sint
687 2271 796 2318 sauses
818 2254 975 2318 malorum
997 2257 1203 2317 aeternorum.

202 2374 311 2441 XIIII.
342 2373 403 2440 Sed
431 2375 507 2438 lioet
533 2375 608 2440 haee
631 2375 677 2439 ita
699 2374 773 2456 sint,
803 2377 839 2439 ut
862 2376 937 2439 deus
959 2373 1027 2456 ipse
1049 2373 1211 2454 praedixit,
1236 2374 1290 2439 ad·
1300 2371 1343 2439 66

161 2479 356 2560 quiescamus
379 2480 486 2544 tamen
509 2477 643 2544 miseriis
666 2477 860 2559 quorundam
883 2482 977 2560 atque
999 2476 1212 2560 languoribus,
1236 2476 1291 2559 qui

122 2584 274 2664 reputant
297 2601 330 2646 se
352 2584 419 2648 sins
441 2583 566 2666 magnis
588 2581 715 2647 omuino
738 2582 847 2664 opibus
870 2581 973 2648 uitam
995 2599 1086 2665 agere
1107 2598 1169 2645 non
1190 2597 1289 2663 posse.

161 2687 228 2751 esto
251 2690 295 2765 tu,
320 2686 508 2768 quicumque
531 2686 585 2750 aut
607 2703 822 2768 quaecumque
844 2686 901 2751 illa
918 2705 950 2750 es
974 2686 1076 2750 saneti
1098 2684 1232 2749 nominis
1255 2702 1290 2750 no

160 2789 372 2871 professionis,
407 2792 472 2854 esto
507 2788 637 2855 diuitias
672 2790 738 2854 esto
769 2789 873 2872 oopias
903 2792 974 2854 tues
1005 2807 1104 2870 usque
1134 2790 1172 2854 ad
1194 2787 1291 2852 finem

160 2894 245 2957 uitae
280 2891 372 2956 istius
405 2892 531 2977 habens,
567 2894 734 2958 dummodo
767 2892 876 2957 saltim
897 2892 930 2956 in
958 2891 1019 2958 fine
1053 2890 1113 2956 tibi
1136 2891 1290 2957 eonferas:

161 2999 227 3060 esto
249 2996 342 3060 rebus
358 3013 395 3060 ao
416 2994 621 3062 facultatibus
644 2998 708 3060 tuis
730 2996 763 3060 in
786 2997 853 3060 uita
868 2995 929 3060 han
945 2997 992 3060 uti
1008 2996 1099 3073 uelis,
1124 2994 1291 3060 dummodo

121 3099 209 3164 astui
241 3098 292 3163 usl
325 3100 461 3164 moriens
494 3117 556 3164 non
590 3097 784 3164 obliuiscaris
810 3099 843 3162 et
873 3099 913 3163 ad
943 3098 1008 3163 eins
1042 3100 1161 3163 nultum
1197 3100 1290 3178 atquo

161 3203 308 3268 honorem
336 3201 530 3268 referendam
558 3200 618 3266 tibi
640 3201 848 3266 substantiam
870 3205 958 3266 tunm
980 3201 1171 3283 memineris,
1201 3200 1290 3264 ouius

160 3305 193 3370 te
215 3323 344 3372 munere
366 3305 521 3386 aoospisse
544 3305 713 3388 eognosois.
751 3303 924 3370 humanum
952 3305 1001 3368 est
1023 3304 1106 3386 quod
1125 3303 1167 3367 ab
1189 3299 1342 3369 omni-67

160 3407 221 3474 bus
250 3409 347 3490 nobit,
379 3426 396 3472 o
421 3408 534 3474 diuites
557 3407 667 3472 mundi
696 3405 798 3490 huius,
828 3407 949 3487 petitur
973 3425 1010 3472 so
1031 3406 1224 3472 deliniosum.
1263 3406 1291 3472 si

160 3511 316 3596 inpetrari
338 3511 376 3578 sb
407 3528 592 3594 unoquoque
623 3511 764 3576 uestrum
795 3529 855 3575 non
885 3514 999 3592 potest,
1030 3513 1067 3575 ut
1089 3528 1157 3575 esse
1179 3510 1212 3575 in
1235 3510 1293 3576 hoo

264 3675 298 3730 12
319 3675 420 3729 Mettis.
439 3673 480 3741 13,
498 3674 533 3728 22

212 3822 229 3877 3
255 3821 376 3893 subdere]
400 3822 491 3876 sedare
515 3838 549 3876 es
572 3821 659 3876 sedare
677 3836 747 3876 corr.
764 3837 799 3874 rra
818 3825 837 3875 2
859 3821 887 3875 Β
991 3820 1006 3874 d
1034 3821 1119 3875 aetati
1144 3836 1178 3876 aro
1201 3822 1293 3876 aetate

159 3924 231 3963 corr.
248 3925 284 3964 m.
300 3911 320 3962 2
337 3907 366 3963 Β
382 3909 446 3963 dem
463 3909 558 3962 atnam
575 3907 767 3976 impedimenta
786 3923 820 3962 ex
838 3907 893 3977 inp
999 3908 1029 3962 ll
1048 3905 1202 3976 religioset»
1219 3922 1293 3962 euer-

161 3997 233 4051 titnr
250 3996 311 4066 (sio)
335 4011 405 4050 eros.
430 3995 447 4049 d
469 4013 503 4049 m.
522 4000 539 4050 1
560 3997 588 4052 A
615 3995 740 4065 religiose
764 3995 914 4050 deuertitur
939 3994 966 4048 Β
991 3994 1089 4062 religio
1114 3993 1159 4048 ssd
1183 3993 1293 4049 subuer-

160 4084 231 4137 titur
258 4083 331 4150 (ouon
358 4082 384 4148 b)
411 4081 452 4136 ed.
481 4081 618 4138 Butuntos
740 4083 773 4135 13
799 4080 909 4134 fallatia
935 4079 960 4134 d.
988 4096 1008 4134 s.
1036 4079 1082 4134 dm
1109 4079 1168 4145 (sio)
1196 4079 1224 4133 Β

160 4169 195 4223 23
212 4169 309 4222 saltem
327 4184 361 4224 ιω
378 4166 471 4225 saltim
489 4183 559 4223 sorr.
578 4185 612 4222 m.
631 4172 651 4222 2
667 4169 695 4223 Α
714 4168 787 4236 (dam
800 4167 887 4236 paulo
900 4171 974 4236 post)
1078 4165 1211 4235 senseras]
1230 4180 1293 4218 oon·

160 4255 234 4310 sulas
251 4255 411 4324 suspiratur
427 4255 574 4310 Haerentes
596 4255 665 4310 soal.
680 4271 710 4323 p.
728 4257 794 4320 266,
812 4257 849 4308 28
951 4253 986 4308 28
1009 4252 1163 4307 delitiosam
1188 4267 1223 4306 err
1245 4251 1292 4306 dil.

160 4355 229 4394 corr.
247 4358 282 4395 m.
299 4345 317 4394 2
334 4339 362 4394 Β
