3068 5012
284 427 349 495 210
733 465 736 474 ψ
767 426 926 482 Saluieni

129 653 131 661 s
230 616 270 682 21
282 609 419 681 affectus.
452 631 506 681 nos
529 635 589 680 non
611 613 644 679 in
660 616 725 680 acie
748 619 870 682 stamus
890 635 954 686 aon
967 634 1056 680 erma
1071 617 1233 700 sumimus,
1256 636 1321 683 non
1341 619 1411 686 uim

281 718 445 788 mieeimue
464 735 522 783 nec
542 718 722 801 propulsare
744 721 948 801 temptemus,
971 706 1191 800 impiumfone
1208 721 1410 804 arbitrantes,

280 821 308 887 si
330 821 436 887 nolin
464 822 522 886 boc
549 820 609 884 lilii
636 820 819 904 parentibus
849 821 984 902 obuium,
1017 841 1055 885 ne
1085 821 1256 905 puniuntur
1284 823 1409 893 iniusti.

281 943 345 1002 cur,
378 941 463 1007 rogo,
498 925 579 1008 quod
607 923 655 989 illi
683 923 839 1007 quondam
867 925 997 989 affectus
1025 943 1081 1008 pro
1111 925 1178 990 suis
1207 925 1410 994 obtinuerunt

280 1031 376 1094 coslai
408 1045 470 1092 non
498 1029 614 1109 queant
640 1027 796 1108 inpetrare
818 1045 873 1110 pto
895 1026 1009 1092 nobie?
1042 1046 1082 1093 en
1104 1028 1176 1098 idco
1195 1027 1408 1096 infelicissimi
1430 1050 1445 1092 e

280 1149 376 1214 paene
398 1130 547 1208 omnium,
576 1131 646 1194 ideo
668 1129 771 1194 minus
794 1148 950 1195 meremur
977 1135 1111 1211 ueniam,
1139 1131 1214 1213 quia
1236 1150 1407 1215 repugnare

229 1233 459 1300 22nesoimusi
492 1232 574 1316 quod
601 1233 701 1298 uultis
729 1252 785 1298 nos
812 1235 878 1316 pati
902 1235 1049 1316 patimur.
1087 1234 1115 1300 si
1135 1234 1318 1310 irascimini,
1354 1239 1408 1302 de-

278 1355 457 1422 pnecemur‚
492 1336 519 1401 ei
549 1337 723 1418 puniendos
751 1337 896 1413 creditis,
931 1336 1169 1419 adquiescimus.
1208 1339 1290 1420 quid,
1320 1356 1407 1424 rogo,

280 1441 392 1506 ultioni
422 1439 584 1523 postlata
613 1441 777 1522 superesi?
813 1443 897 1504 certe
925 1440 1048 1506 etiamsi
1078 1442 1179 1506 iustae
1206 1441 1407 1508 succensendi

279 1561 385 1612 causes
417 1543 560 1626 parentes
593 1542 741 1617 habeant,
777 1541 859 1608 nihil
888 1543 1067 1627 contingere
1098 1543 1143 1608 eis
1173 1543 1295 1609 felisius
1326 1545 1446 1616 nihilne

279 1647 416 1730 optatius
443 1650 546 1729 potest
576 1663 669 1728 quam
691 1648 728 1710 ut
750 1645 797 1710 sic
820 1647 863 1710 cis
886 1665 940 1728 pno
969 1647 1058 1712 rectu
1087 1648 1148 1712 filii
1176 1649 1253 1712 sotis
1277 1647 1407 1726 inolent,

228 1748 270 1818 23
279 1769 317 1815 ne
341 1767 467 1814 necesse
490 1749 625 1814 labeant
646 1749 816 1815 uindicare.
854 1749 927 1832 quid
950 1752 1055 1815 autem
1078 1751 1137 1828 est,
1164 1749 1197 1816 in
1220 1768 1280 1832 quo
1304 1749 1406 1834 nege

278 1853 432 1936 possimus
460 1871 515 1918 nos
545 1853 633 1916 uobis
662 1851 740 1916 satis
759 1852 886 1916 faeere?
919 1851 977 1917 filii
998 1854 1097 1918 nestri
1119 1871 1244 1931 snmus,
1274 1854 1328 1934 qui
1349 1870 1405 1920 uos

279 1973 434 2040 rogamus,
464 1957 577 2038 neptis,
604 1975 658 2037 per
686 1973 779 2040 quam
807 1973 972 2038 rogamus:
999 1957 1128 2038 parcite,
1157 1955 1333 2039 indulgete:
1357 1955 1407 2026 illi

279 2061 416 2142 †eorum‚
440 2059 587 2142 pauentes
607 2059 769 2136 carissimi,
798 2077 852 2141 pro
876 2061 1052 2143 seregent,
1080 2060 1119 2128 ob
1144 2077 1275 2143 quorum
1299 2060 1442 2129 solution

279 2162 406 2228 nomine
427 2162 524 2228 etiam
547 2163 701 2226 extraneis
724 2161 772 2226 nil
795 2181 918 2246 negare.
948 2164 1078 2246 lengum
1102 2167 1148 2228 est
1170 2165 1208 2229 de
1229 2162 1403 2231 innumeris

277 2266 407 2348 pietatis
437 2268 531 2348 atque
564 2265 768 2332 humanitatis
801 2266 950 2349 exemplis
979 2267 1082 2332 dicere
1111 2267 1143 2331 et
1169 2267 1406 2350 praeposterum

278 2373 314 2434 ut
343 2371 381 2434 <le
410 2365 579 2436 maioribus
608 2370 647 2434 ad
675 2369 796 2433 minore
825 2371 997 2435 ueniamus.
1031 2369 1085 2434 sed
1114 2371 1222 2436 tamen
1250 2368 1292 2451 io,
1323 2367 1405 2450 quod

278 2472 417 2538 dicturam
440 2491 518 2556 sum,
550 2475 651 2555 specie
673 2474 800 2557 quidem.
820 2474 924 2539 minus
947 2479 1005 2551 est,
1034 2474 1089 2540 sed
1118 2475 1280 2539 tamenne
1302 2472 1405 2542 minus

226 2579 340 2645 24non
363 2579 418 2641 est.
452 2594 599 2660 perorans
627 2577 784 2658 quondam
811 2595 866 2659 pro
888 2578 1025 2660 periculo
1049 2576 1288 2644 existimationis
1311 2578 1443 2656 atquem

277 2679 504 2745 incolumitatis
535 2697 608 2743 suae
637 2681 670 2744 in
701 2680 839 2745 Romano
870 2679 934 2745 foro
965 2679 1092 2746 Seruius
1122 2678 1231 2761 Galba,
1264 2695 1337 2748 oum
1366 2677 1405 2743 ob

276 2781 497 2847 difficultatem
519 2783 637 2864 negotii
659 2786 691 2846 et
710 2782 864 2848 ,inuidiam
887 2784 964 2849 iacti
987 2785 1037 2849 sni
1058 2801 1169 2866 perum
1187 2801 1249 2848 non
1265 2781 1357 2852 modo
1372 2778 1405 2846 in

279 2903 373 2950 causa
400 2887 453 2950 sed
477 2884 573 2950 etiem
594 2885 629 2953 in
651 2885 829 2968 eloquentia
853 2888 920 2969 spei
941 2889 1077 2970 poneret,
1101 2888 1168 2952 aete
1189 2903 1264 2952 usus
1287 2885 1345 2966 est,
1369 2885 1406 2946 ut

277 2989 416 3053 iudicum
432 2990 561 3064 animos,
584 3005 660 3070 quos
676 2988 838 3053 inflectere
859 3008 984 3072 pmcum
1001 2990 1171 3056 ambitione
1193 3005 1255 3056 nou
1271 2989 1404 3070 potebat,

278 3111 381 3157 renum
414 3093 584 3173 temptaret
618 3091 742 3156 affectu.
779 3093 885 3174 itaque
919 3094 1111 3176 consumptis
1140 3093 1205 3158 inm
1232 3089 1441 3163 admodum„

274 3184 400 3260 'cunone
433 3194 582 3260 oratoriae
616 3195 693 3258 antis
727 3194 907 3278 ingeniique
938 3196 1103 3272 subsidiis,
1135 3214 1208 3260 oum
1235 3211 1348 3275 perum
1371 3209 1403 3254 se

277 3298 466 3380 promouisse
481 3297 696 3373 intellexisset,
720 3299 893 3380 paruolum,
910 3317 1004 3380 quem
1018 3315 1127 3364 senum
1140 3295 1286 3376 habebat,
1303 3292 1403 3370 Gelli,

276 3403 313 3464 ut
335 3401 399 3464 illis
421 3401 613 3482 temporibus
635 3399 816 3482 uidebatur,
841 3401 1009 3466 clerissimi
1031 3402 1064 3466 et
1086 3418 1183 3482 nuper
1204 3396 1321 3465 mortni
1344 3395 1405 3464 uiri

276 3499 386 3584 ilium,
421 3506 453 3568 et
480 3520 593 3584 paruas
625 3505 698 3568 ante
730 3504 879 3570 subsellia
912 3504 1091 3570 auditorum
1118 3502 1238 3570 indoles
1269 3517 1340 3570 suas
1371 3499 1404 3562 in

310 3760 327 3813 3
353 3758 394 3812 fili
425 3758 447 3813 O
548 3758 622 3824 ‘sort
646 3759 752 3812 iniuste’
776 3759 907 3828 Halmius
1012 3759 1044 3812 13
1068 3774 1116 3814 noe
1139 3756 1215 3815 uobis
1240 3759 1307 3824 (coo
1325 3758 1405 3812 uobis

276 3861 323 3898 nos
334 3851 367 3899 ut
379 3843 451 3907 edo.)
474 3845 497 3900 Ο
582 3845 615 3899 14
632 3844 771 3914 indulgete
784 3845 929 3913 (indulgite
944 3846 989 3913 O):
1009 3845 1051 3898 illi
1069 3839 1087 3894 'r
1105 3860 1197 3898 eorum
1213 3845 1254 3898 sio
1271 3844 1404 3898 Halmius

274 3931 414 4000 indulgete
436 3931 487 3984 illi.
511 3931 610 3984 Eorum
633 3930 711 3998 edet.;
737 3931 806 3996 fort.
826 3933 858 3985 io
881 3947 972 3984 eorum
991 3931 1076 3984 meere
1093 3945 1181 3988 conum
1198 3929 1354 3985 melcolm
1373 3929 1405 3982 ὑπ

276 4017 427 4074 Sila-Ber.
442 4033 473 4086 p.
492 4021 528 4072 39
632 4019 665 4072 la
685 4018 772 4086 specie
796 4017 820 4072 O
921 4017 952 4070 21
971 4016 1163 4070 incolomitatis
1186 4015 1209 4070 0
1310 4015 1368 4070 fore
1384 4030 1406 4070 e.

275 4119 325 4160 aer.
349 4120 364 4156 o
388 4109 455 4158 m.1
482 4104 656 4169 Nouiorum
680 4119 738 4158 oon
763 4104 951 4171 proetennttto
975 4105 1008 4158 aba
1029 4103 1162 4168 inferiore
1183 4117 1270 4171 mooe.
1293 4117 1346 4156 rec.
1370 4117 1405 4156 aa

274 4191 439 4245 coccolubem
463 4205 533 4245 esec:
555 4191 587 4248 de
611 4189 703 4244 Seruio
722 4190 808 4244 Galba
829 4189 894 4244 haec
918 4189 1032 4258 sumpsit
1051 4205 1066 4242 c
1084 4187 1208 4244 Cicerone
1230 4189 1259 4242 in
1283 4187 1352 4246 libro
1371 4187 1405 4243 de

275 4277 357 4331 claris
381 4277 542 4344 oratoribus)
648 4277 682 4332 25
704 4277 870 4345 consumptis
888 4291 922 4331 ex
939 4278 1115 4344 consumptus
1135 4275 1244 4333 cece.
1262 4291 1297 4330 m.
1315 4276 1336 4327 2

274 4362 308 4417 27
326 4364 469 4432 paruulum
485 4363 529 4416 tic
550 4363 585 4430 03
606 4362 658 4428 cfr.
676 4365 763 4430 supra
780 4369 805 4428 ἕ.
824 4365 859 4416 15
