3068 5012
505 403 675 471 epistolae
698 405 776 460 VIII.
795 406 888 460 VIIII.

507 694 738 779 uuisioni
767 696 881 779 Vllll.

130 901 297 966 Domino
320 921 362 967 ac
385 902 617 968 beatissimo
652 905 863 988 discipulo,
900 905 1022 986 petri,
1055 905 1159 991 lilio,
1194 908 1289 991 peri

128 1004 437 1070 institutionem
459 1007 671 1087 discipulo,
697 1025 764 1088 per
785 1026 954 1072 umorem
977 1009 1085 1086 filio,
1110 1029 1175 1090 per
1197 1011 1258 1074 ho-

238 1126 368 1172 norem
392 1109 511 1190 putri,
536 1107 698 1174 Salonio
722 1111 904 1192 episcopo
928 1111 1149 1178 Saluianus.

104 1257 117 1296 5
171 1229 301 1307 Quaeris
324 1248 342 1293 a
364 1249 423 1312 me,
448 1248 466 1294 o
488 1232 531 1294 mi
555 1229 670 1307 Saloni,
701 1230 812 1294 canitae
835 1249 913 1308 mea,
944 1251 999 1296 cur
1021 1232 1137 1298 libellis
1160 1252 1258 1314 nuper

126 1349 145 1393 a
169 1331 304 1412 quodam
326 1331 418 1396 huius
442 1335 591 1414 temporis
615 1333 739 1398 homine
757 1337 795 1398 ed
812 1335 974 1398 ecclesiam
991 1336 1083 1400 factis
1101 1337 1266 1401 Timothei,

126 1452 242 1499 nomen
271 1436 458 1516 inscriptum
489 1437 540 1500 sit.
580 1437 669 1502 addis
700 1441 868 1518 praeterea,
903 1439 984 1520 quod
1013 1439 1073 1502 nisi
1103 1438 1256 1504 rationem

124 1539 270 1604 uocabuli
286 1539 445 1604 solidentur
461 1558 648 1621 expressero,
673 1541 749 1604 dum
764 1541 966 1606 nominantur
982 1541 1149 1620 Timothei,
1173 1543 1256 1607 inter

125 1641 273 1723 apocryfa
307 1643 371 1706 sint
403 1643 537 1708 fortusse
571 1644 749 1725 reputandi.
785 1663 842 1728 ago
877 1647 995 1729 gratias
1026 1649 1119 1728 atque
1147 1645 1289 1723 habeo&

91 1776 115 1814 ιο
124 1744 208 1826 quod
232 1745 270 1808 de
292 1764 343 1808 me
367 1746 412 1810 ita
443 1746 573 1824 iudices,
607 1749 643 1810 ut
670 1749 823 1829 pertinere
852 1748 910 1813 hoc
942 1749 1100 1813 existimes
1123 1753 1161 1814 cd
1182 1748 1256 1813 fidei

123 1867 214 1914 meae
238 1867 353 1926 curam,
383 1869 422 1914 ne
446 1851 520 1932 quid
544 1851 750 1915 ecclesiastici
770 1852 870 1933 operis
895 1853 1041 1918 uacillure
1063 1853 1255 1935 permittam,

123 1952 248 2016 scilicet
270 1953 306 2015 ut
329 1972 379 2018 res
402 1973 544 2018 summae
565 1955 762 2020 salubritatis
786 1974 847 2022 non
871 1957 914 2021 sit
936 1957 1064 2022 minoris
1087 1957 1180 2038 pretii
1202 1974 1256 2038 per

123 2055 279 2138 opinionis
309 2058 471 2134 incertum.
506 2057 647 2122 sufficere
674 2059 780 2141 itaque
808 2059 847 2122 ad
876 2060 1101 2123 excludendam
1130 2058 1280 2140 penitus

122 2159 258 2241 apocryfi
289 2159 357 2224 stili
379 2161 588 2242 suspicionem
611 2163 707 2228 etiam
730 2164 788 2228 hoc
810 2165 912 2228 solum
935 2165 1066 2244 poterat,
1097 2165 1178 2244 quod
1201 2179 1254 2226 su-

88 2291 112 2331 15
121 2262 228 2344 penius
253 2262 392 2329 indicaui
421 2265 518 2330 libros
541 2267 713 2330 neotericae
735 2267 957 2348 disputationis
980 2285 1047 2332 esse
1071 2269 1103 2330 et
1125 2285 1143 2328 a
1165 2283 1254 2348 pree·

122 2367 222 2430 sentis
245 2366 396 2448 temporis
424 2367 547 2433 homine
577 2369 754 2434 diuinarum
779 2389 883 2434 rerum
907 2369 1010 2434 studio
1034 2370 1127 2450 atque
1149 2385 1255 2434 amore

122 2471 332 2552 conscriptos;
357 2475 463 2536 carent
487 2473 572 2536 enim
594 2472 739 2555 apocryfe
762 2472 944 2554 suspicione,
969 2472 1022 2554 qui
1046 2474 1255 2554 agnoscuntur

121 2572 282 2637 Timothei
317 2575 449 2654 apostoli
483 2592 544 2638 non
575 2575 682 2640 fuisse.
720 2576 774 2640 sed
808 2576 939 2658 requirit
973 2575 1064 2641 forsit
1051 2580 1106 2640 tan
1140 2573 1286 2655 aliquis3

121 2676 191 2759 quis
225 2676 279 2740 ille
312 2678 419 2742 auctor
451 2678 503 2755 sit,
538 2678 565 2742 ei
588 2681 745 2761 apostolus
780 2699 841 2746 non
873 2682 932 2758 est,
966 2681 998 2743 et
1026 2679 1133 2744 utrum
1162 2693 1281 2742 suum*

87 2779 272 2846 nolibellis
263 2781 339 2863 ipsis
362 2799 401 2845 an
423 2782 561 2863 alienum
576 2799 690 2846 nomen
710 2783 913 2865 inscripserit.
937 2801 1047 2847 uerum
1062 2785 1127 2848 est:
1151 2782 1254 2865 potest

120 2885 180 2948 hoc
211 2885 339 2966 quidem
369 2885 476 2966 quaeri
499 2887 635 2951 streete
666 2889 832 2968 quaeritur,
863 2887 890 2951 ei
920 2885 1083 2968 inquisitio
1107 2885 1191 2950 ualet
1214 2883 1254 2950 ad

120 2987 263 3052 fructum
287 2988 423 3070 aliquem
445 2989 617 3070 peruenire.
651 2991 801 3066 ceterum,
834 2992 861 3054 si
884 2989 1076 3054 infructuosa
1099 2991 1154 3068 est,
1178 2987 1254 3070 quid

119 3109 248 3156 necesse
278 3096 325 3156 est
347 3096 383 3156 ut
406 3092 523 3158 laboret
552 3093 725 3172 curiositas,
756 3113 828 3158 cum
856 3093 1032 3176 profectum
1061 3093 1252 3158 curiositatis

119 3212 184 3259 non
209 3193 251 3259 sit
276 3194 422 3260 habitura
444 3196 602 3278 cognitio?
636 3197 670 3260 in
697 3197 779 3261 omni
809 3198 891 3261 enim
913 3195 1072 3262 uolumine
1095 3195 1252 3278 profectus

163 3485 189 3536 ·1
206 3485 279 3538 tuuc
298 3484 373 3552 epist.
392 3484 425 3551 tro
442 3499 499 3538 uuo
517 3489 627 3539 tactum
645 3485 703 3540 cod.
719 3485 811 3539 Poris.
825 3487 899 3540 2785
911 3485 959 3552 (Β)
978 3489 1117 3538 seruatam
1130 3477 1253 3552 ct'prae-
1272 3521 1280 3563 ,ξ

117 3572 232 3625 missam
250 3585 306 3624 esse
325 3570 402 3624 tetris
428 3557 466 3624 od
489 3571 627 3624 ecclesiam
649 3571 681 3624 tu
704 3571 851 3625 Sita-Ber.
868 3587 895 3638 p.
914 3575 948 3626 37
971 3571 1141 3632 mercatorum
1168 3584 1254 3638 querc

118 3657 272 3711 adierim
305 3657 402 3710 cartus
438 3657 591 3724 scripturas
626 3655 755 3712 editionis
788 3658 926 3726 principis
955 3658 999 3724 (p)
1028 3655 1090 3711 Joh.
1123 3655 1253 3710 &ohardi

117 3743 249 3798 Baeticae
276 3745 361 3810 15283
391 3744 439 3810 out
466 3757 499 3795 ex
526 3759 579 3810 oco
606 3742 699 3798 codice
725 3749 830 3797 textum
852 3744 999 3811 sumpserit
1020 3757 1077 3796 coro
1100 3742 1183 3810 liquet

117 3843 228 3884 matrix
251 3843 387 3882 nsxsnonn
410 3843 546 3882 securunio
569 3843 607 3882 un
630 3831 754 3883 suncini,
771 3829 799 3882 Β
906 3828 922 3882 2
946 3827 1252 3882 Domino—Saluianus

118 3931 209 3982 osup
313 3913 405 3968 autc
423 3918 451 3968 et
469 3914 581 3982 putrip
683 3915 826 3968 cleriter
844 3916 872 3969 B
975 3913 1136 3982 tonnellam
1154 3913 1182 3967 Β
1229 3957 1234 3971 .

117 4001 187 4056 facti
208 4001 235 4054 Β
339 4000 356 4053 9
380 4001 501 4070 apognifa
521 4001 551 4054 ,Β
655 4003 738 4069 atque
758 4000 843 4055 habeo
861 4003 941 4067 (corr.
960 4015 994 4054 erc
1011 3999 1094 4054 hebeo
1113 4017 1147 4054 un
1166 4003 1194 4066 1)
1213 3999 1250 4065 Β,

118 4087 160 4141 ita
184 4089 216 4140 ut
239 4086 321 4140 debeo
340 4103 363 4155 p
467 4087 500 4140 10
522 4087 627 4142 iudicas
650 4087 692 4141 ita
715 4088 742 4142 Β
760 4103 795 4141 m.
814 4091 830 4140 1
857 4087 898 4140 ita
921 4085 1023 4140 iudicas
1046 4085 1073 4140 Β
1090 4088 1251 4144 coemat

118 4189 174 4228 rec.
216 4223 217 4226 ,
274 4173 410 4226 existimes
428 4171 574 4228 Halmius:
602 4174 710 4228 estimes
729 4174 756 4227 Β
782 4172 906 4227 aestimes
924 4172 984 4226 edd.
1086 4172 1120 4226 14
1137 4172 1252 4242 apogriii

118 4258 178 4312 stili
201 4257 377 4327 suspitionem
401 4257 441 4324 Β,
464 4261 630 4327 paulopost
656 4259 773 4328 apocrifa
878 4259 909 4312 15
934 4257 1065 4312 neoterici
1083 4258 1143 4326 (ste)
1162 4257 1253 4327 dispu-

10 4357 11 4372 ³
119 4345 235 4398 tationes
255 4346 315 4411 (sic)
334 4344 362 4398 Β
467 4344 501 4398 22
518 4345 657 4413 peruenire
674 4345 721 4400 seri
738 4362 766 4399 re
783 4346 815 4400 ic
832 4360 887 4399 ras.
906 4344 933 4397 Β
