2972 5000
480 1101 694 1200 LIBER
734 1101 809 1200 ΙΙΙ.

113 1385 140 1450 Ι.
163 1383 257 1447 Bene
281 1381 393 1447 habet:
417 1380 501 1446 iacta
523 1384 597 1446 sunt
619 1381 824 1447 fundamenta
846 1381 946 1464 operis
969 1380 1021 1464 pia
1047 1381 1236 1449 molitionol

72 1487 172 1568 coepti
196 1497 232 1550 et
257 1485 358 1549 diuini
380 1483 476 1550 officii
498 1503 602 1550 amore
624 1484 775 1567 suscepti:
798 1484 830 1548 et
852 1484 921 1548 ideo
943 1503 1004 1549 non
1028 1489 1101 1549 sunt
1124 1487 1208 1550 solu-

75 1588 127 1654 bili
150 1588 225 1652 lnto
247 1587 352 1670 posita
374 1606 431 1652 neo
453 1587 618 1669 temporali
640 1586 744 1669 lapide
770 1587 949 1652 constructa
972 1586 1026 1650 sed
1048 1604 1207 1652 sacrarum

57 1711 286 1776 serpensarum
315 1691 505 1756 confectione
533 1691 640 1755 ualida
671 1694 702 1753 et
730 1689 830 1755 diuini
857 1689 1032 1773 magisterii
1059 1692 1126 1754 arte
1153 1689 1208 1754 fir-

75 1799 178 1860 mata:
205 1813 297 1877 quae,
321 1797 356 1858 ut
371 1796 437 1876 ipse
458 1796 491 1859 in
506 1794 668 1878 euangelio
692 1794 766 1858 deus
789 1793 874 1876 dicit,
899 1811 956 1858 nec
974 1794 1074 1859 uentis
1088 1796 1208 1876 possint

75 1899 256 1964 furentibus
284 1898 408 1962 concuti
440 1916 497 1962 neo
530 1898 697 1962 adluuione
725 1896 891 1961 fluminum
921 1897 1029 1961 subrui
1058 1915 1115 1962 neo
1137 1897 1208 1979 plu·

74 2004 202 2068 uiarum
227 2001 382 2067 infusione
398 2001 533 2066 dissolui.
562 2001 733 2066 cumcuim
750 2017 826 2084 opus
850 2001 907 2064 hoc
921 2018 1034 2066 manus
1060 2000 1210 2081 quodam·

74 2105 164 2169 modo
189 2104 374 2169 diuinorum
395 2105 592 2169 uoluminum
614 2103 796 2169 instruxerit
818 2107 849 2167 et
872 2103 1053 2168 caelestium
1075 2103 1172 2185 script
1193 2137 1209 2152 ·

50 2227 180 2272 rotarum
193 2225 346 2290 compago
359 2206 507 2285 solidarit,
521 2225 642 2271 necesse
654 2210 702 2271 est
713 2210 781 2270 tam
793 2205 884 2270 firma
894 2206 971 2271 haec
981 2224 1036 2287 per
1048 2206 1208 2270 dominum

74 2313 179 2376 Iesum
206 2307 367 2374 Christum
397 2328 461 2374 esse
484 2327 562 2393 quae
590 2309 786 2387 factasunt,
816 2327 909 2390 quarn
937 2307 1028 2372 firma
1055 2308 1112 2372 illa
1134 2308 1208 2372 sunt

75 2433 150 2498 quae
174 2413 329 2476 fecerunt.
375 2412 552 2477 aedificium
580 2412 686 2493 itaque
716 2411 773 2476 hoc
795 2413 940 2475 naturam
970 2410 1071 2473 status
1099 2411 1147 2474 rui
1169 2409 1208 2474 ds

74 2516 172 2600 stirpe
204 2515 307 2579 sumit
334 2519 365 2580 et
388 2515 575 2580 labefactari
603 2514 699 2580 saluis
721 2512 898 2579 auctoribus
921 2511 985 2576 suis
1010 2529 1071 2576 non
1093 2513 1205 2593 potest.

75 2621 159 2684 siout
182 2619 326 2682 enimin
349 2617 482 2682 terrenis
505 2617 654 2682 aedificiis
676 2617 793 2681 deicere
810 2617 943 2697 parietes
966 2614 1073 2679 nullus
1095 2616 1207 2697 polest,

50 2722 136 2786 enisi
167 2721 294 2804 lapides
324 2723 354 2784 et
377 2723 537 2786 caementa
564 2721 723 2804 deiecerit,
754 2721 797 2784 sio
826 2719 1002 2784 aedificium
1031 2723 1110 2801 quod
1134 2738 1208 2785 con·
1311 2781 1313 2796 ,

75 2825 250 2889 struximus
276 2823 445 2888 dissoluere
468 2825 574 2888 nullus
596 2824 696 2899 ualet,
720 2823 779 2887 nisi
803 2823 852 2902 id,
875 2824 957 2888 unde
982 2825 1138 2887 structum
1160 2825 1208 2886 est

75 2931 105 2991 et
119 2931 389 3003 consummatum,
408 2929 482 2991 ante
498 2925 691 2992 dissoluerit:
715 2926 796 3010 quod
813 2929 886 3007 quia
900 2927 1084 2991 labefactari
1099 2927 1209 3008 utique

75 3047 278 3112 nequaquam
301 3030 420 3112 potest,
449 3032 532 3094 recte
561 3031 658 3094 etiam
688 3029 818 3094 anobis
847 3030 1046 3094 incolumitas
1074 3027 1208 3092 aedificii

75 3134 306 3215 praesumitur,
335 3133 423 3198 cuius
452 3137 556 3198 statue
585 3133 731 3199 subsidiis
759 3132 989 3198 immortalibus
1021 3133 1207 3198 continetur.

51 3237 243 3318 requaeritur
266 3237 388 3318 itaque,
423 3254 494 3300 cum
519 3237 595 3300 haec
624 3237 671 3300 ita
696 3237 775 3313 siut,
806 3236 833 3298 si
856 3237 957 3299 totum
986 3234 1067 3317 quod
1096 3235 1129 3298 in
1150 3233 1239 3298 hoo2

76 3341 195 3404 mundo
231 3342 280 3403 est
314 3357 390 3404 cura
417 3343 448 3404 et
475 3339 686 3422 gubernaculo
715 3340 747 3404 et
775 3339 889 3403 iudicio
920 3337 1118 3418 delegitur,
1150 3339 1210 3401 ‘cur

182 3524 317 3580 succro.
336 3487 360 3592 u,
379 3525 421 3580 aa.

130 3697 146 3751 2
165 3697 241 3751 Bene
257 3695 340 3752 habet
357 3697 455 3764 optime
472 3697 603 3751 Halmius
621 3694 743 3750 addens.-
760 3694 892 3750 ‘imitatus
910 3699 949 3749 est
968 3693 1121 3748 Saluianus
1135 3691 1209 3745 Loc-

79 3783 203 3836 toats'um
226 3780 284 3836 coo.
310 3782 379 3838 Iaso.
401 3781 487 3836 Vllr
507 3781 554 3850 qui
575 3781 633 3850 ipse
651 3797 703 3835 aaa
719 3781 887 3850 campsiles
909 3779 963 3834 oo.
977 3796 1009 3848 p.
1026 3779 1102 3832 Mor.
1117 3771 1144 3841 ‘o
1163 3779 1209 3830 14:

79 3867 144 3922 bene
162 3866 262 3920 habet:
289 3866 362 3921 iacta
386 3870 449 3920 sunt
467 3865 643 3921 fundamenta
661 3865 843 3920 defensionis’z
870 3881 945 3920 anun
963 3879 1064 3920 mrrr
1080 3863 1108 3916 A
1137 3862 1210 3916 Bene

79 3969 106 4005 se
124 3969 168 4006 res
187 3951 270 4005 habet
292 3952 320 4005 Β
422 3951 567 4006 Astiucta
590 3951 618 4006 B
634 3968 669 4006 m.
688 3957 704 4006 1
807 3952 833 4005 7¹
847 3950 992 4005 adluuionc
1014 3966 1091 4017 supr.
1108 3964 1126 4002 a
1143 3946 1209 4002 add.

79 4041 143 4092 aaz
160 4037 203 4090 tit.
221 4035 244 4089 L
262 4037 289 4090 A
387 4037 404 4091 8
421 4052 487 4106 opus
504 4037 555 4090 hoo
573 4053 640 4106 opus
658 4037 685 4092 Β
783 4038 800 4091 9
818 4036 976 4092 instruxerit
993 4052 1028 4090 coc
1045 4036 1211 4091 instruxerat

80 4125 107 4176 A
123 4139 196 4179 corr.
214 4128 278 4177 m.1
364 4124 535 4178 iuncturam
548 4125 734 4192 perstatusB
824 4124 859 4178 13
876 4124 963 4178 sumet
982 4123 1009 4176 Β
1097 4122 1128 4176 15
1147 4121 1209 4190 nisi]
1243 4194 1245 4199 Ι

81 4210 132 4262 uisi
155 4209 232 4279 prius
256 4210 282 4263 Β
387 4210 420 4264 18
443 4227 458 4263 a
482 4226 532 4264 om.
555 4210 583 4264 B
602 4214 670 4264 m.1
773 4209 808 4264 20
830 4210 886 4264 rint
903 4209 944 4264 ita
961 4208 989 4262 B
1092 4205 1143 4261 hoc
1164 4207 1211 4262 *do

81 4298 122 4349 est
142 4312 190 4350 ara
207 4298 235 4349 et
252 4297 279 4349 A
383 4297 415 4350 21
434 4299 462 4350 et
478 4295 720 4350 iudico—condicio
738 4311 788 4352 om.
807 4296 835 4350 Β
852 4312 887 4350 m.
905 4299 922 4348 1
