3068 5012
283 346 347 414 202
767 339 927 394 Saluiaui

240 514 244 521 ¹
283 535 443 613 obscurus,
478 533 568 598 domo
597 549 657 595 nou
687 530 884 614 despicabilis
915 534 946 595 et
975 534 1011 596 de
1042 549 1101 613 quo
1135 531 1251 614 aliquid
1285 531 1419 599 fortasse

284 638 420 720 amplius
444 635 587 718 dicerem,
610 633 671 698 nisi
693 633 882 717 ppopinquus
907 653 992 698 meus
1015 635 1105 700 esset.
1133 635 1191 700 hoe
1214 635 1295 702 enim
1320 636 1358 702 fit
1382 643 1419 702 ut

286 742 390 805 minus
426 738 537 820 dinam,
574 756 612 802 ne
645 739 682 800 de
716 755 766 801 me
799 736 867 818 ipso
902 736 1005 802 disere
1034 740 1140 803 uidear
1172 738 1210 803 de
1238 738 1293 804 illo
1325 740 1419 821 plura

285 844 425 909 dicendo.
465 843 599 907 matrem
633 858 705 922 ergo
737 839 773 919 is,
809 843 846 906 de
869 859 928 922 quo
957 840 1032 919 dieo,
1066 840 1258 927 Agrippinae
1287 843 1417 909 uiduam

286 945 414 1028 reliquit
441 943 570 1027 probam
602 942 764 1007 honestam
788 943 819 1008 et
840 943 878 1008 de
901 962 962 1025 qua
988 943 1120 1010 forsitan
1143 944 1292 1011 audacter
1314 945 1416 1012 dicere
1444 971 1459 1013 s

286 1049 419 1132 ualeam,
442 1066 514 1111 uere
537 1046 675 1118 uiduam.
703 1064 775 1112 nam
790 1047 921 1130 praeter
943 1047 1278 1122 oeterasoastimoniae
1294 1050 1417 1132 sapien·

286 1153 409 1234 tiaeque
431 1150 565 1216 uirtutes
589 1154 636 1213 est
659 1149 754 1214 etiam
784 1148 843 1214 fide
865 1148 988 1231 nobilis,
1012 1167 1090 1231 quae
1121 1151 1264 1216 omnibus
1296 1170 1419 1234 semper

186 1292 191 1302 ·
288 1253 449 1320 ornatibus
484 1257 665 1318 ornamento
696 1254 751 1334 est,
786 1252 858 1334 quia
886 1252 951 1317 sine
980 1253 1039 1317 hae
1068 1253 1147 1318 nihil
1177 1257 1241 1319 tam
1269 1257 1419 1320 ornatum

254 1358 343 1440 (ieet,
368 1357 449 1440 quod
473 1374 580 1422 ornare
602 1355 711 1438 possit.
748 1355 827 1420 haee
849 1371 932 1440 ergo,
960 1357 996 1420 ut
1018 1356 1120 1438 audio,
1151 1357 1257 1422 tantae
1279 1358 1345 1423 illie
1366 1359 1419 1423 in·

286 1463 373 1546 opiae
407 1461 500 1542 atque
534 1458 683 1542 egestatis
713 1462 768 1535 est,
803 1462 839 1522 ut
869 1459 896 1522 ei
925 1476 981 1524 neo
1010 1458 1164 1524 residendi
1194 1479 1251 1525 neo
1284 1461 1460 1528 abeundino

275 1555 420 1632 'facultas
444 1563 600 1644 suppetat,
630 1561 702 1644 quia
724 1561 806 1625 nihil
833 1565 890 1638 est,
920 1563 1000 1643 quod
1022 1562 1072 1625 uel
1096 1563 1140 1650 ad¹
1157 1563 1279 1628 uictum
1302 1565 1354 1629 uel
1377 1567 1419 1630 ad

284 1669 393 1751 fugam
418 1665 599 1748 opituletur.
636 1659 737 1728 solum
760 1667 817 1744 est,
843 1666 923 1745 quod
947 1665 1156 1729 mercennario
1179 1683 1271 1747 opere
1294 1666 1419 1732 uictum

286 1769 464 1852 quaeritans
488 1767 633 1832 uxoribus
657 1765 862 1830 barbarorum
885 1765 1044 1831 loeatioias
1068 1785 1180 1832 manus
1203 1767 1320 1836 subdit.
1359 1769 1417 1846 ita,

285 1871 361 1937 lieet
390 1889 445 1954 per
473 1870 523 1934 dei
545 1869 789 1934 misericordiam
817 1869 952 1934 uinculis
977 1870 1172 1952 captiuitatis
1196 1877 1340 1955 exempta
1363 1873 1418 1956 sit,

255 1977 357 2042 ‘ioum
380 1973 443 2037 iam
465 1992 529 2039 non
543 1972 659 2037 seruiat
675 1971 862 2055 condicione,
887 1974 985 2036 seruit
1001 1971 1193 2058 paupertate.
1227 1975 1302 2039 haee
1317 1975 1419 2060 igitur
1428 2007 1458 2048 15

286 2077 399 2143 habere
432 2096 482 2140 me
516 2072 566 2140 hio
600 2075 820 2140 nonnullorum
853 2079 1032 2141 sauctorum
1071 2077 1205 2158 gratiam
1242 2091 1303 2143 non‘
1337 2078 1417 2144 falso

285 2179 446 2264 suspioans
473 2181 540 2262 (neo
563 2180 644 2244 euim
666 2197 755 2262 nego,
785 2197 822 2243 ne
845 2182 973 2262 negator
1003 2182 1122 2264 gratiae
1151 2181 1293 2262 ingratus
1323 2180 1417 2246 fiam:

276 2287 337 2351 seii
367 2285 470 2370 plane,
506 2283 587 2348 siout
616 2282 729 2348 habere
753 2301 802 2346 me
827 2301 894 2346 eam
925 2301 984 2347 non
1017 2301 1103 2366 nego,
1137 2270 1197 2348 ita'
1212 2303 1274 2349 nou
1304 2287 1418 2350 mereri

284 2399 334 2454 me
363 2391 447 2453 eerto
478 2388 549 2470 seio,
583 2383 617 2449 in
645 2385 771 2450 tantum
795 2387 839 2469 ut,
875 2384 999 2450 etiamsi
1022 2389 1069 2450 est
1092 2386 1197 2468 aliqua
1221 2386 1254 2451 iu
1276 2385 1417 2472 moilla,

284 2508 341 2574 ego
365 2491 471 2556 tamen
493 2489 578 2553 iilius
603 2503 694 2552 eausa
716 2507 775 2552 nou
799 2489 868 2565 sim,
893 2489 1014 2570 quiesi
1038 2507 1099 2570 qua
1115 2490 1286 2554 est'in'me
1301 2489 1457 2575 gratiam

282 2593 323 2659 ob
348 2611 409 2676 eos,
432 2592 465 2658 ni
488 2591 591 2675 failor,
615 2591 748 2655 manime
772 2591 845 2656 data
862 2593 926 2669 est,'
943 2593 1075 2673 quorum
1090 2587 1239 2658 intererat
1255 2597 1289 2657 ut
1306 2594 1417 2676 gratus

285 2713 405 2761 essem:
436 2697 487 2759 :ut
523 2693 693 2759 uerendum
738 2693 869 2758 forsitan
902 2694 1024 2760 sitne
1066 2705 1185 2778 ‘negans
1223 2695 1289 2780 his,
1333 2700 1418 2779 quod

284 2803 412 2883 propter
434 2815 485 2863 eos
508 2797 583 2880 aopi,
609 2805 671 2862 iren'
695 2800 761 2862 tam
777 2797 886 2861 *meam
909 2801 976 2862 rem
999 2795 1048 2863 his
1066 2816 1179 2882 negare
1192 2799 1304 2864 *uidear
1320 2818 1417 2882 quam

284 2902 454 2984 ipsorum):
483 2901 561 2966 haee
577 2901 687 2985 'igitur
710 2901 765 2966 aut
788 2901 819 2965 id
844 2902 926 2984 quod
954 2904 1001 2966 est
1024 2907 1078 2968 aut
1101 2903 1171 2985 pius
1195 2921 1289 2985 quam
1312 2907 1359 2968 est
1381 2904 1418 2969 in

282 3022 334 3070 me
353 3015 435 3070 ‘esse
469 3005 649 3071 existimans
682 3005 771 3070 misit
800 3005 838 3070 ad
867 3024 917 3070 me
949 3005 1040 3086 huno,
1074 3025 1166 3089 quem
1197 3007 1235 3072 ad
1264 3025 1319 3072 uos
1349 3026 1455 3092 ego,ae

284 3117 412 3191 sperans
447 3108 512 3174 fore
535 3109 571 3171 ut
604 3112 714 3190 agente
737 3127 786 3173 me
816 3111 847 3172 et
881 3107 1039 3173 adnitente
1073 3109 1243 3174 amicorum
1276 3127 1418 3174 meorum

252 3211 387 3296 8gratia
405 3212 662 3296 'propinquorum
697 3229 834 3277 meorum
869 3213 952 3276 esset
985 3211 1146 3276 auxilium.
1180 3213 1243 3277 feei
1272 3231 1343 3294 ergo
1372 3213 1417 3298 id,

270 3317 366 3404 'quod
387 3320 514 3399 rogatus
538 3330 617 3397 sum,
641 3313 695 3378 sed
718 3317 825 3380 tamen
841 3323 937 3397 pa‘ree
954 3315 986 3378 et
1003 3315 1087 3398 apud
1108 3321 1238 3400 pauoos,'
1254 3317 1292 3381 n'e
1314 3319 1418 3398 gratia

271 3419 352 3501 'ipsa
374 3420 496 3501 ingrate
513 3417 631 3482 uterer.
664 3417 879 3484 commendaui
902 3417 985 3482 hune
1006 3417 1086 3500 aliis,
1111 3421 1290 3484 oommendo
1315 3419 1415 3504 uobis,

284 3521 359 3586 lieet
382 3531 454 3584 uon'
467 3537 562 3604 aeque
579 3521 649 3588 aliis
665 3524 701 3585 ut
723 3521 829 3587 uobis:
845 3513 999 3602 primum,
1024 3521 1096 3604 quia
1112 3522 1321 3588 commendari
1337 3525 1416 3588 satis
1426 3553 1455 3594 so

308 3741 310 3752 ¹
336 3761 349 3814 1
379 3759 505 3814 obscuros
537 3759 559 3814 Ο
584 3777 618 3814 m.
633 3764 660 3838 ⁴1
785 3759 951 3829 dispieabilis
979 3761 1002 3816 0
1102 3753 1106 3762 ’
1131 3763 1147 3816 5
1175 3745 1298 3816 forsitam
1326 3762 1348 3817 Ο

282 3845 433 3916 tromper]
452 3843 530 3915 super
547 3847 707 3914 suspicatur
726 3845 890 3901 Heraclius·
921 3853 925 3862 '
971 3845 1004 3902 10
1022 3847 1163 3916 aegistatis
1184 3841 1209 3904 '0
1304 3848 1336 3902 13
1354 3848 1418 3902 sub·

281 3933 356 3987 ditus
376 3931 424 3987 soei
442 3949 473 3986 us
491 3948 560 3988 eros.
583 3932 606 3987 0
704 3933 735 3987 17
747 3935 884 4002 1111131101
905 3928 931 3988 G
1015 3931 1057 3987 ’22
1073 3932 1196 3988 forsitam
1215 3935 1276 4003 (ete)
1294 3934 1331 3988 sit
1344 3937 1418 3988 ‘nene

283 4033 351 4088 gans
372 4021 394 4072 O
415 4017 529 4074 forsitan
546 4019 615 4074 mihi
633 4035 665 4073 ne
679 4019 722 4074 eit
739 4033 840 4088 negans
855 4019 987 4074 Halmius
1073 4021 1107 4074 23
1125 4021 1198 4089 eoepi
1217 4018 1238 4076 0
1262 4046 1265 4064 ·
1323 4022 1417 4074 tamen

281 4107 327 4162 sed
345 4123 378 4161 eu
395 4112 492 4175 puroet.
516 4107 538 4161 0
639 4107 674 4161 24
697 4107 754 4176 aut]
773 4108 806 4159 ut
834 4105 857 4161 O
958 4107 991 4162 26
1016 4122 1123 4176 sperans
1140 4108 1281 4176 supplesti
1298 4108 1417 4164 Rotom-

282 4194 393 4259 1111111111
420 4196 486 4260 fort.
505 4195 597 4248 t'orsan
618 4195 660 4262 (at
678 4195 709 4252 E
724 4193 799 4260 1111,
818 4196 846 4258 3)
865 4207 973 4262 sperans
990 4199 1022 4248 at
1039 4194 1111 4249 oculi
1128 4194 1273 4253 sortientia
1290 4211 1311 4248 o
1326 4193 1417 4248 forsan

282 4278 321 4332 od
338 4279 393 4333 fore
410 4281 551 4335 aberrasse
564 4281 689 4348 putandi
706 4281 762 4335 siut
1193 4295 1195 4302 ⁴
