3068 5012
551 385 721 453 epistolae
743 385 790 438 VI.
809 385 871 439 VII.
1212 387 1276 454 216

144 594 238 658 supra
271 574 419 648 diximus,
453 573 568 639 delatio
604 573 700 639 officii
735 573 843 658 fugere
877 574 1033 649 honorem,
1069 573 1274 640 dissimulatio

145 679 293 744 affectare
316 677 468 742 uideatur.
504 693 638 756 congrue
661 679 780 759 ergoet
803 675 913 742 multis
929 677 1030 742 modis
1045 675 1308 743 rationabiliter3

146 767 251 847 actum
275 781 332 856 est,
356 783 393 844 ut
415 797 472 862 ego
494 779 533 842 ad
556 798 609 844 uos
632 780 716 862 prius
733 781 908 845 scriberem.
942 781 1089 864 primum,
1113 783 1185 862 quic
1206 785 1274 846 tur-

144 886 226 970 piter
250 887 288 948 ad
310 884 456 949 honorem
478 882 615 948 ambisse
643 882 768 948 uiderer
790 883 933 948 inferior:
964 883 1082 964 deinde,
1115 884 1195 966 quod
1218 903 1274 950 uos

119 989 183 1053 sab
213 987 299 1052 omni
331 985 544 1052 huiuscemodi
579 985 733 1067 opinionis
766 990 839 1052 nota
866 986 913 1052 ita
941 1006 1063 1052 morum
1098 987 1274 1052 uestrorum

143 1090 280 1174 dignitas
312 1089 463 1172 uindicat,
497 1092 533 1152 ut
560 1107 656 1172 paene
691 1088 837 1171 quioquid
859 1108 878 1153 a
901 1089 988 1155 uobis
1017 1090 1062 1166 fit,
1098 1089 1178 1155 nihil
1205 1109 1273 1157 ¹nou

143 1197 228 1258 recte
251 1193 369 1259 factum
392 1211 459 1260 esse
482 1193 640 1258 credatur:
670 1195 837 1274 postremo,
862 1196 952 1276 quod,
974 1193 1097 1260 etiamsi
1118 1194 1176 1260 hoc
1198 1195 1303 1260 oon-4

143 1297 214 1362 silio
237 1315 292 1362 uos
313 1298 354 1362 ad
376 1316 427 1362 me
452 1315 513 1362 non
536 1295 749 1380 scripsissetis,
772 1297 808 1360 ιιι
823 1313 879 1379 ego
901 1299 1046 1378 peccator
1061 1298 1094 1362 et
1107 1296 1272 1363 inbecillus

142 1402 230 1482 prius
254 1400 405 1466 deferrem
428 1399 531 1466 officia
552 1417 647 1482 quam
672 1419 838 1480 sumerem,
869 1399 919 1482 pio
941 1400 1042 1484 magis
1065 1401 1098 1467 id
1121 1419 1176 1466 uos
1198 1418 1272 1466 con-

106 1504 214 1569 cosilio
249 1504 357 1569 fecisse
385 1503 627 1570 existimandum
656 1504 724 1568 erat
753 1522 847 1586 quam
877 1504 1049 1588 adroganti.
1088 1522 1159 1568 cum
1188 1505 1272 1569 enim

141 1609 241 1673 totius
264 1607 362 1672 ferme
384 1605 576 1672 humilitatis
599 1610 631 1672 et
653 1623 747 1689 prope
769 1607 908 1672 omnium
937 1606 1111 1674 officiorum
1133 1607 1272 1689 palmam

140 1711 266 1794 indepti
288 1711 368 1790 sitis,
392 1730 453 1777 non
469 1713 535 1775 tam
551 1710 635 1776 credi
649 1713 771 1792 poterat
786 1727 842 1774 uos
859 1710 958 1776 amico
973 1710 1110 1800 uoluisse
1124 1711 1272 1776 honorem

141 1831 257 1897 negare
281 1832 375 1896 qnam
397 1833 474 1880 onus
493 1807 629 1879 noluisse
651 1814 808 1894 inponere.
840 1814 985 1896 quamuis
1001 1813 1084 1880 cuim
1106 1813 1301 1880 honestumt

141 1918 174 1982 ct
194 1916 379 2000 religiosum
402 1918 541 1982 studium
563 1919 604 1981 sit
627 1934 851 1999 praeoccupare
877 1917 1059 1983 humilitate
1082 1919 1114 1982 et
1135 1919 1271 1993 uincere,

105 2025 249 2086 stenen
272 2021 395 2102 quando
416 2020 499 2084 inter
521 2019 611 2100 tales,
636 2019 673 2084 ut
694 2038 749 2085 nos
772 2037 888 2102 sumus,
912 2019 1008 2086 idest
1030 2021 1111 2086 inter
1134 2039 1272 2088 summos

142 2125 237 2206 atque
259 2122 414 2200 infimum,
435 2121 651 2188 huiuscemodi
673 2122 835 2205 negotium
851 2127 909 2204 est,
934 2124 1167 2189 abundantioris
1191 2126 1271 2190 cari-

141 2227 218 2292 tatis
241 2243 306 2290 rem
328 2225 429 2290 maior
452 2225 540 2303 facit,
564 2225 591 2290 si
613 2225 726 2290 minori
743 2225 834 2290 cedat
849 2225 960 2290 officio.
985 2226 1068 2305 liaeo,
1091 2228 1137 2292 mi
1152 2228 1271 2293 domini

140 2329 344 2414 uenerabiles,
365 2329 455 2394 iuxta
470 2329 701 2411 opiniunculam
724 2347 828 2394 meam
851 2348 910 2394 non
933 2334 1000 2395 tam
1021 2331 1271 2412 praesumptione

139 2433 291 2497 scientiae
318 2450 413 2515 quam
441 2433 557 2498 tonora
585 2431 779 2498 reuerentiae
808 2435 931 2496 uestrae
960 2433 1123 2498 scribenda
1152 2433 1191 2498 ad
1214 2453 1270 2500 uos

102 2535 260 2618 aopntaui.
297 2536 325 2600 si
352 2536 437 2600 alind
466 2554 522 2601 uos
550 2537 665 2600 sentire
693 2535 909 2612 ostenderitis,
939 2553 995 2617 ego
1022 2555 1151 2602 manum
1172 2539 1211 2604 ad
1235 2536 1300 2603 os6

139 2651 246 2704 msam
270 2655 383 2720 ponam
403 2641 439 2703 et
453 2639 540 2704 iuxta
555 2639 731 2722 exemplum
752 2637 852 2704 sancti
876 2639 941 2716 lob,
964 2640 1017 2722 qui
1039 2644 1108 2722 post
1129 2641 1269 2708 diuinam

139 2759 249 2808 uocum
272 2741 307 2806 in
329 2744 559 2824 comparatione
581 2741 736 2824 loquantis
759 2742 810 2808 dei
832 2761 964 2824 paruum
984 2762 1018 2808 se
1032 2745 1066 2808 et
1088 2743 1271 2810 inbecillum

139 2863 207 2910 ease
235 2846 390 2928 cognouit,
420 2847 538 2910 terrum
567 2864 628 2922 me,
658 2846 694 2910 ut
721 2863 800 2929 sum,
831 2847 1003 2928 squalidam
1027 2851 1059 2912 et
1081 2848 1271 2916 insincerum

139 2949 275 3012 cinerem
311 2948 454 3014 iudicabo
487 2949 665 3031 dicamque:
700 2947 779 3013 illud
815 2949 919 3014 ‘semel
948 2950 1071 3016 locutus
1098 2952 1176 3017 sum'
1206 2971 1269 3018 non

10 3065 12 3096 ¹
102 3050 284 3116 eradiciam.
322 3069 378 3116 neo
405 3051 565 3116 inmerito:
597 3051 733 3117 incidere
762 3053 845 3117 enim
868 3052 899 3116 in
924 3052 1019 3118 fauce
1042 3055 1196 3136 opinionis
1220 3075 1268 3120 er·

138 3171 250 3231 rorem,
279 3155 461 3238 priusquam
490 3172 564 3220 uera
592 3171 768 3238 cognosere,
797 3153 924 3237 inperiti
948 3155 1045 3220 animi
1068 3158 1115 3221 est
1137 3161 1168 3222 et
1191 3156 1269 3222 sim·

137 3245 238 3342 plicis,
262 3275 459 3338 perseuerare
479 3275 552 3322 uero
570 3256 602 3322 in
618 3276 663 3344 so,
685 3257 851 3342 postquam
867 3258 1042 3340 agnoueris,
1066 3261 1267 3328 contumacis.

137 3357 253 3424 ualete.

242 3587 276 3642 25
294 3585 352 3644 Iob.
369 3587 414 3654 39,
431 3588 465 3643 35

141 3795 162 3842 1'
190 3801 259 3856 tflt
277 3803 420 3858 Polliceare
443 3804 520 3860 sito
623 3807 814 3862 ascripsistis
835 3808 937 3875 (otolC
1033 3809 1170 3864 inblcillus
1187 3815 1218 3864 ut
1235 3811 1268 3864 ιἰι

136 3888 186 3954 fisa
214 3889 292 3957 epist.
318 3889 471 3946 inbicillum
502 3892 525 3946 0
627 3894 660 3948 13
687 3894 772 3948 bouus
798 3893 846 3948 sed
869 3893 888 3948 h
914 3911 948 3949 ca
970 3901 1055 3964 porte
1082 3912 1150 3952 erac.
1178 3896 1201 3951 C

138 3973 173 4027 18
199 3973 360 4030 uenerabilis
390 3976 413 4031 0
526 3978 558 4031 19
584 3978 679 4032 scienti
709 3981 732 4035 (l
838 3980 872 4034 tu
895 3981 925 4034 in
948 3982 1145 4050 companaticus
1169 3983 1192 4037 0
1217 3999 1269 4038 roa.

137 4059 354 4127 marrucim
373 4063 424 4129 cfr,
437 4062 500 4118 Iud.
513 4063 570 4120 111
578 4079 599 4118 s.
612 4081 641 4120 a.
658 4067 822 4134 comparatio
927 4066 1094 4122 secueram
1116 4067 1182 4123 Oet
1196 4071 1266 4123 coci.

137 4143 320 4200 FXHe'rorer
345 4147 364 4202 l.
392 4148 409 4202 l.
435 4164 463 4216 p.
487 4153 522 4204 14
549 4149 659 4206 eicerem
687 4150 747 4206 cdd.
777 4201 779 4206 ,
873 4151 906 4206 21
933 4153 1095 4208 contumacia
1119 4153 1267 4210 Halmius.-

139 4238 308 4288 contumaoes
330 4235 560 4300 0(contumaciae
578 4237 650 4306 cdd.)
754 4239 789 4294 98
806 4238 901 4292 ualetc.
920 4239 982 4294 finit
1000 4239 1034 4304 03
1057 4241 1088 4294 tre
1105 4257 1159 4309 prro
1176 4242 1267 4310 reptet·

138 4322 184 4371 rar
201 4318 279 4386 epist.
299 4319 381 4373 IIII
395 4337 481 4389 oraque
498 4321 537 4375 ad
554 4322 638 4376 uerbo
655 4323 821 4392 supplicante
839 4323 915 4378 nobis
932 4331 956 4390 ἕ.
975 4327 1011 4380 17
