3036 5004
438 403 475 457 da
492 401 631 472 gubern·
648 403 703 458 dei
724 403 763 460 v1
783 409 799 471 ᾗ
817 400 926 462 39-45.
1182 411 1242 475 137

111 591 205 675 prins
235 593 305 657 acta
332 592 412 655 sunt.
451 591 707 658 considerandum
736 611 807 678 ergo
836 596 1002 676 utrumque
1030 597 1088 676 est,
1123 595 1156 659 id
1184 599 1242 674 ast,
1251 596 1294 661 42

112 694 195 776 quid
217 695 259 759 sit
288 693 368 776 quod
396 693 495 758 adhue
517 693 585 759 loca
613 694 683 778 ipss
705 709 742 760 co
763 695 934 762 diuersoric
956 697 1145 763 ludicrorum
1167 697 1241 781 sint,
1356 778 1361 786 Ι

112 797 240 862 ludicra
261 801 367 863 autom
391 815 456 862 esse
478 797 677 863 cessausrint.
707 799 778 865 loca
798 798 882 864 anim
898 799 931 864 at
945 798 1123 866 habitacula
1139 801 1241 883 turpi-

112 899 263 966 tudinum
292 899 408 965 idoirco
438 899 539 965 adhuc
566 905 648 978 sunt,
683 901 758 984 quic
785 901 853 967 illio
879 902 1002 986 impura
1029 903 1134 968 omnia
1156 904 1242 985 prius

86 1007 193 1068 sacra
220 1003 303 1068 runt.
342 1021 423 1067 nuno
450 1003 556 1067 sutem
584 1002 703 1068 ludicro
731 1003 799 1086 ipsa
820 1004 888 1069 ideo
912 1023 972 1070 non
996 1008 1141 1087 aguntur,
1171 1004 1243 1088 quia

112 1105 170 1188 agi
194 1106 257 1170 iam
279 1123 351 1188 prce
374 1104 502 1170 miseris
523 1107 672 1188 temporis
695 1109 788 1189 atque
803 1110 939 1190 egestate
962 1127 1023 1173 non
1045 1111 1183 1192 possunt.
1211 1111 1243 1174 et

111 1209 198 1286 ideo,
229 1208 309 1288 quod
338 1207 424 1290 prius
453 1210 559 1273 aetum
587 1209 645 1285 est,
674 1208 855 1275 uitiositatis
879 1209 949 1288 suit,
973 1211 1053 1292 quod
1076 1229 1158 1277 nuuc
1180 1229 1242 1276 non

113 1311 235 1394 agitur,
269 1309 472 1376 necessitatis.
512 1308 676 1376 calamitas
699 1312 782 1378 enim
811 1311 880 1378 fisci
908 1315 940 1376 et
971 1314 1151 1380 mendicitas
1179 1313 1243 1379 iam
1252 1310 1293 1376 43
1329 1345 1331 1349 ·

112 1411 255 1477 Romani
276 1413 386 1478 aerarii
408 1427 470 1477 non
493 1411 626 1478 cinitot
648 1413 761 1496 ubique
783 1417 816 1479 in
831 1433 879 1480 ras
901 1415 1080 1497 nugatorias
1103 1415 1243 1497 perditus

71 1517 348 1598 roprofundcntur
380 1532 538 1596 expensae.
577 1519 705 1596 pereant
738 1517 840 1581 adhuc
873 1516 1047 1600 quamlibet
1080 1518 1243 1586 multost

112 1621 207 1700 quasi
229 1619 261 1683 in
284 1637 414 1684 caenum
436 1615 636 1698 proiciantur,
660 1619 713 1683 sed
735 1620 841 1684 tcmm
863 1620 963 1702 perire
984 1622 1048 1686 iam
1070 1623 1160 1686 tants
1181 1639 1242 1687 non

113 1723 247 1804 queunt,
271 1721 426 1803 quianon
448 1723 522 1786 sunt
543 1724 633 1786 tanta
654 1739 734 1804 quae
755 1724 891 1804 pereant.
929 1740 1001 1788 nam
1024 1725 1177 1805 quantum
1200 1723 1239 1788 ad

112 1827 230 1888 uotum
250 1825 373 1888 nostrum
395 1822 536 1888 libidinis
552 1824 644 1905 atque
667 1825 896 1906 impurissimae
912 1827 1094 1908 uoluptatis,
1118 1827 1245 1908 optare·¹

112 1946 189 1992 mus
216 1926 353 2008 profecto
374 1926 425 1992 uel
448 1927 487 1990 cd
511 1926 569 1991 hoc
592 1928 809 1992 tantummodo
836 1927 906 2009 plus
929 1927 1051 2003 habere,
1080 1933 1116 1994 ut
1138 1946 1242 2010 possa·

73 2048 189 2097 smus
210 2031 244 2094 in
267 2029 323 2096 hoe
344 2028 552 2110 turpitudinis
574 2029 677 2094 lutum
699 2032 791 2111 plura
806 2032 992 2096 conuertere.
1021 2034 1052 2095 et
1068 2050 1115 2096 res
1130 2026 1295 2112 probat44

112 2137 236 2216 quante
258 2133 418 2215 prodigere
440 2132 606 2211 nollemus,
629 2135 656 2198 si
679 2133 838 2216 opulentes
861 2151 999 2199 essemus
1017 2152 1054 2198 cc
1076 2133 1240 2214 splendidi,

113 2254 191 2300 cum
212 2234 413 2318 prodigamus
434 2235 522 2300 tanta
544 2235 688 2300 mendici.
719 2255 755 2300 oa
769 2240 818 2300 est
833 2237 916 2300 enim
934 2235 1020 2302 labes
1035 2240 1242 2319 praesentium

112 2356 241 2402 morum
264 2338 357 2420 atqua
378 2336 520 2420 perditio,
542 2339 579 2402 ut
594 2356 662 2403 oum
687 2338 750 2404 iam
766 2356 828 2404 non
843 2338 956 2404 habeat
972 2341 1136 2420 paupertas
1159 2338 1240 2420 quod

111 2441 216 2524 possit
239 2442 378 2524 perdere,
409 2442 510 2508 adhuc
535 2443 640 2507 tamen
662 2443 739 2508 uelit
761 2441 919 2508 uitiositas
942 2443 1010 2524 plus
1033 2442 1141 2524 perire.
1181 2459 1241 2508 non

73 2547 163 2611 aoost
189 2563 272 2628 ergo,
301 2547 383 2628 quod
412 2544 547 2612 blandiri
577 2546 664 2610 nobis
693 2545 810 2627 aliquid
832 2547 865 2610 in
887 2546 946 2612 hac
968 2545 1056 2626 perte
1078 2543 1240 2627 possimus,

111 2651 150 2714 ut
174 2648 322 2725 dicemus,
347 2666 408 2714 non
428 2650 461 2714 in
483 2647 626 2714 omnibus
649 2667 732 2712 nuno
753 2647 883 2714 urbibus
899 2647 950 2730 agi
973 2647 1039 2726 illa,
1063 2665 1141 2730 quus
1157 2649 1241 2730 prius

111 2753 187 2817 aeta
219 2755 303 2816 sunt.
341 2749 409 2816 ideo
442 2750 526 2816 euim
559 2769 617 2816 non
653 2751 686 2816 in
715 2751 858 2817 omnibus
891 2749 956 2816 iam
991 2751 1136 2832 aguntur,
1171 2746 1294 2832 quia45

111 2855 222 2932 nrbes,
245 2854 300 2919 ubi
322 2856 494 2936 agebantur
514 2853 583 2930 ilia,
607 2853 671 2918 iam
693 2871 754 2918 non
773 2855 856 2929 suot,
878 2853 929 2918 uel
943 2852 997 2931 ibi,
1021 2852 1175 2934 siquidem
1191 2852 1244 2918 diu

113 2960 189 3022 acta
211 2959 297 3035 sunt,
315 2988 331 3019 s
349 2973 428 3037 quse
442 2957 474 3022 id
490 2956 657 3034 officerent,
680 2959 725 3036 ut,
750 2957 804 3021 ubi
823 2957 879 3022 illo
894 2956 1075 3038 agebantur,
1100 2973 1167 3020 essa
1182 2972 1243 3022 non

73 3061 257 3144 nepessint:
292 3062 373 3126 sicut
406 3060 472 3142 ipse
494 3061 533 3126 ad
556 3062 733 3142 peccatores
767 3059 844 3124 deus
874 3059 998 3124 locutus
1027 3061 1075 3122 est
1096 3077 1150 3140 per
1171 3076 1242 3139 pro·

110 3165 255 3248 phetam,
274 3163 346 3245 quio
361 3163 495 3230 horum
517 3164 746 3228 reeordatus
763 3163 822 3226 est
844 3161 1038 3239 domiuus,
1062 3164 1100 3224 et
1115 3178 1243 3232 ascen·

220 3399 256 3451 26
274 3397 388 3452 Hieram.
406 3399 448 3463 44,
467 3399 499 3452 21

1 3697 2 3718 Χ
170 3620 242 3674 lid
264 3636 284 3674 s.
302 3636 353 3675 scr.
372 3624 439 3675 m.2
456 3622 619 3689 4(=ast)
644 3622 672 3674 A
774 3621 904 3675 4adhuc
925 3621 952 3674 Β
970 3637 990 3675 s,
1009 3622 1026 3675 t.
1131 3621 1243 3674 Smen-

112 3716 223 3771 daeitas
242 3714 270 3768 Β
350 3716 382 3770 11
400 3719 540 3783 cenumA
618 3717 652 3770 13
670 3718 799 3772 atssor.
818 3732 846 3784 q:
864 3719 932 3771 m.2
950 3717 978 3770 A
1059 3714 1093 3768 14
1111 3729 1244 3782 possamus

1 3809 2 3864 ἶ
113 3827 149 3865 aa
169 3810 305 3878 possimus
321 3810 349 3863 A
366 3823 435 3864 corr.
453 3814 523 3864 m.1
628 3811 661 3864 15
683 3811 712 3862 in
731 3825 781 3865 om.
799 3811 827 3864 Β
931 3810 964 3864 16
982 3808 1109 3862 usitamus
1127 3822 1160 3861 aa
1178 3807 1245 3860 ueli-

113 3913 178 3950 mus
203 3896 231 3948 A
255 3911 326 3950 corr.
348 3901 418 3951 m.2
443 3897 509 3951 item
526 3897 617 3965 pacto
636 3902 700 3964 post
723 3897 798 3950 labes
821 3912 857 3950 aa
879 3895 950 3949 labis
1052 3894 1087 3948 20
1113 3907 1176 3962 ergo
1195 3907 1245 3946 ooo.

115 3984 143 4038 B
252 3997 392 4051 possumus
415 3982 443 4036 Β
545 3983 579 4036 23
601 3983 644 4036 uel
668 3982 707 4035 ibi
725 3981 882 4036 Hortalus:
912 3981 1003 4034 etuti
1022 3979 1181 4046 AB(th);
1211 3978 1246 4032 ‘et

115 4074 188 4122 unte
209 4068 258 4121 nbi
280 4067 425 4122 delendum
448 4067 573 4134 mmor,
600 4069 656 4122 cist
672 4069 787 4138 prucios
803 4067 904 4122 uitium
921 4067 986 4122 latet
1002 4067 1033 4120 ic
1050 4066 1108 4120 ioco
1125 4064 1245 4120 obscuro’

115 4155 269 4222 Haterium
295 4153 331 4219 cf.
349 4169 418 4223 quas
435 4155 569 4223 copiosius
592 4155 794 4223 dupctccimus
815 4155 846 4206 io
865 4152 1010 4208 Sita-Bar.
1026 4167 1056 4219 p.
1074 4153 1111 4205 26
1122 4165 1175 4219 opp.

115 4239 255 4308 siquidem
273 4237 319 4292 diu
336 4240 464 4294 exhausta
482 4241 545 4294 sunt
562 4241 720 4308 suspicatur
737 4239 883 4293 Hortctios
984 4237 1019 4291 24
1036 4242 1100 4291 coste
1117 4251 1185 4305 quae
1203 4237 1245 4290 lu·

116 4344 221 4383 mnsam
240 4329 427 4398 decantaus,-
446 4327 481 4393 cf.
498 4343 548 4382 ocos
566 4329 583 4382 l.
601 4329 618 4382 t.
722 4327 755 4380 25
771 4327 837 4380 daus
855 4327 889 4379 ad
906 4327 1054 4394 peccatores
1073 4324 1101 4378 Β
