3068 5012
306 422 368 487 258
797 414 951 468 Saluiani

306 608 420 672 stris:
452 626 525 672 non
555 623 689 689 peram
711 607 750 670 in
773 607 839 670 uia
860 623 982 686 neque
1013 605 1105 670 duas
1129 604 1289 668 tunioas
1312 621 1434 686 neque

254 711 569 780 400aleiamenta
591 729 714 792 neque
737 711 904 794 uirgam.
935 709 1038 774 uidete
1056 707 1231 790 quantasit
1254 708 1285 774 in
1301 710 1434 790 utroque

306 816 363 880 hoe
385 813 436 879 dei
458 832 597 880 sermone
620 815 793 880 diuersitas.
824 812 907 878 laieo
931 812 1009 879 dixit
1031 811 1066 876 si
1089 812 1168 890 uie,
1192 813 1315 876 uende
1336 828 1436 893 quae

304 915 503 1000 possides,
539 917 684 982 ministro
718 917 825 981 autem
859 916 947 982 nolo
981 915 1192 998 possideas.
1231 915 1284 980 sed
1314 917 1346 980 et
1376 914 1438 980 hoo

304 1040 415 1103 parum
446 1020 645 1098 existimauit,
679 1022 716 1084 ut
746 1019 970 1102 possessionem
999 1019 1028 1084 ei
1049 1019 1244 1084 substantiae
1274 1018 1472 1101 amplioriss

305 1124 451 1202 auferret,
475 1123 537 1188 nisi
560 1124 654 1189 etiam
677 1143 784 1207 peram
806 1125 907 1208 ipsam
930 1127 1038 1189 aeturo
1061 1123 1122 1188 iter
1145 1124 1273 1208 longum
1296 1125 1437 1207 apostolo

305 1229 485 1293 sustulisset
514 1230 547 1291 et
577 1228 669 1292 unius
699 1246 770 1292 eum
800 1227 926 1292 tunioae
949 1226 1170 1310 singularitate
1192 1227 1367 1292 multasset.
1404 1233 1438 1292 et

305 1331 380 1413 quid
402 1333 534 1412 postea?
564 1349 620 1397 neo
643 1330 701 1396 hoo
723 1331 802 1395 eatis
825 1331 881 1396 est.
920 1329 1013 1395 nudis
1036 1347 1157 1412 quoquo
1179 1330 1306 1413 insuper
1329 1349 1438 1394 seruos

304 1453 375 1500 suos
408 1435 543 1502 lustrare
575 1435 707 1517 pedibus
742 1436 847 1499 orbem
881 1439 1037 1498 terrarum
1066 1435 1154 1500 iubat
1177 1437 1208 1499 at
1231 1407 1439 1498 oaieiameuta

252 1542 291 1608 41
304 1538 421 1619 plantis
445 1539 518 1620 gelu
540 1537 716 1622 rigentibus
739 1538 823 1603 tulit.
855 1539 928 1621 quid
944 1539 1006 1604 diei
1022 1538 1158 1621 amplius
1171 1539 1299 1620 potest?
1321 1540 1436 1620 pedum
1449 1562 1473 1600 ιι

304 1640 342 1705 de
365 1641 497 1724 apostoli
518 1661 615 1708 manu
637 1641 742 1725 rapuit
764 1645 796 1706 et
817 1643 1057 1724 peragrantibus
1073 1642 1258 1708 uniuersum
1280 1643 1438 1706 muudum

304 1744 457 1809 ministris
480 1744 547 1810 suis
570 1764 662 1810 usum
685 1745 777 1809 unius
800 1744 941 1828 uirgulae
964 1763 1026 1810 non
1046 1745 1185 1827 reliquit.
1217 1747 1249 1810 et
1270 1747 1343 1826 post
1357 1745 1438 1810 haee

303 1865 414 1930 parum
438 1850 485 1912 est
508 1847 736 1913 suecessoribus
752 1867 869 1926 eorum,
894 1847 925 1912 id
949 1852 997 1913 est
1019 1847 1126 1913 lenitis
1149 1866 1187 1914 ao
1208 1847 1437 1934 assumptibus,

304 1951 394 2014 tanta
427 1950 603 2016 diuinarum
636 1969 739 2015 rerum
774 1950 1044 2016 administratione
1078 1952 1290 2034 iungentibus,
1325 1954 1351 2016 si
1373 1953 1439 2036 ipsi

303 2053 429 2118 tantum
452 2055 565 2118 diuites
588 2053 714 2134 suerint,
738 2054 797 2120 nisi
813 2055 910 2120 etiam
929 2056 1055 2120 heredes
1071 2055 1185 2121 diuites
1203 2056 1436 2139 derelinquant.
1448 2082 1474 2122 ιι

303 2155 532 2235 erubescamus,
566 2176 688 2240 quaeso,
724 2159 784 2222 hae
818 2157 1016 2224 infidelitate.
1062 2158 1200 2225 suffioiat
1235 2160 1322 2224 nobis
1352 2159 1438 2242 quod

303 2261 447 2326 uidemur
469 2279 567 2343 usque
590 2263 628 2326 ad
651 2260 736 2325 uitae
758 2262 910 2326 terminos
934 2263 1027 2326 deum
1049 2280 1210 2343 spernere:
1235 2280 1290 2326 our
1312 2261 1343 2327 id
1367 2262 1439 2344 agi·

303 2382 383 2442 mus,
407 2368 443 2428 ιιι
466 2366 679 2448 contemptum
708 2365 805 2446 ipsius
835 2365 932 2430 etiam
954 2367 1025 2446 post
1048 2369 1181 2429 mortem
1205 2367 1438 2430 extendamus?

252 2470 294 2535 42
304 2467 437 2532 diximus
460 2471 497 2534 de
520 2469 658 2551 personis
690 2472 784 2550 atque
813 2468 924 2534 officiis
948 2469 1144 2550 singulorum
1175 2469 1306 2534 ethaeo
1329 2470 1440 2534 omnia

303 2571 380 2651 ideo,
404 2571 486 2653 quia,
517 2574 553 2636 ut
575 2590 671 2655 supra
693 2572 838 2651 diximus,
868 2572 996 2653 quidam
1017 2573 1202 2655 religionem
1225 2572 1357 2654 professi
1380 2574 1475 2637 anteo

303 2691 364 2740 non
398 2674 509 2740 debore
542 2693 575 2739 so
609 2676 692 2739 sieut
725 2676 843 2740 eeteros
880 2675 1057 2740 mundiales
1095 2675 1307 2740 substantiam
1344 2695 1439 2742 suam

303 2777 427 2842 domino
450 2780 505 2842 aut
527 2781 611 2842 oerte
633 2777 737 2842 minus
761 2780 871 2843 debere
895 2777 1133 2857 arbitrarentur,
1157 2798 1229 2843 eum
1246 2780 1355 2861 utique
1377 2781 1439 2846 hoo

303 2880 404 2962 magis
436 2881 580 2964 debeant,
611 2881 684 2962 quia
713 2899 833 2959 seruus,
864 2881 918 2963 qui
945 2883 1004 2946 soit
1026 2883 1221 2948 uoluntatem
1244 2883 1361 2948 domini
1385 2886 1437 2948 sui

304 2986 334 3046 et
357 3001 419 3047 non
448 2984 525 3048 lauit
554 3003 631 3063 eam,
661 2985 790 3066 uapulet
812 2986 931 3062 multis,
961 2987 1015 3068 qui
1037 2991 1144 3052 autem
1166 2988 1276 3065 nesoit,
1305 2988 1439 3069 uapnlet

251 3088 420 3168 «reparcis.
458 3089 567 3171 religio
589 3094 694 3153 autem
717 3089 847 3154 seientia
870 3093 918 3154 est
941 3090 1001 3168 dei,
1025 3108 1063 3154 aa
1085 3109 1139 3173 per
1162 3089 1221 3154 hoe
1236 3090 1336 3154 omnis
1359 3090 1436 3155 reli·
1448 3123 1475 3164 eu

304 3190 408 3274 gioeus
433 3190 490 3256 hoe
511 3191 588 3275 ipso,
619 3193 700 3273 quod
723 3191 906 3274 religionem
928 3193 1080 3276 sequitur,
1111 3193 1161 3258 dei
1184 3211 1215 3256 se
1237 3195 1440 3260 uoluntatem

304 3312 393 3359 nosse
415 3296 559 3360 testatur.
593 3295 743 3379 professio
769 3298 875 3378 itaque
898 3296 1058 3381 religionis
1081 3316 1142 3363 non
1164 3297 1267 3363 aufert
1290 3298 1439 3362 debitum

407 3479 440 3535 23
458 3481 522 3535 Luo
542 3483 583 3547 12,
601 3483 634 3536 47

356 3670 369 3722 1
390 3670 496 3723 tunioas
514 3669 639 3723 habeatis
657 3671 698 3726 ed.
711 3671 847 3726 Buloae'aa
946 3673 962 3726 5
981 3673 1022 3742 ut]
1042 3675 1069 3725 et
1087 3672 1114 3726 Β
1133 3673 1157 3726 si
1175 3673 1216 3726 ed.
1229 3673 1366 3727 Baluaa'us

304 3756 320 3807 7
347 3756 434 3808 multa
461 3756 493 3808 ιἰι
518 3757 568 3824 fta.
594 3757 642 3809 lr'aa
671 3755 735 3810 aad.
754 3761 824 3812 ιιι2
851 3760 906 3811 sset
929 3757 1195 3826 paaeauedemb'tt.
1214 3760 1438 3828 indisruptae.

303 3857 397 3895 mosae
414 3846 481 3895 auat
497 3844 524 3895 A
551 3842 679 3896 multasset
695 3841 723 3895 Β
743 3843 839 3907 (multo
854 3842 902 3896 fiet
920 3844 945 3909 b)
1035 3841 1068 3898 10
1085 3844 1302 3912 geluoegentibus
1321 3845 1386 3900 add.
1405 3847 1439 3901 ιἰι

302 3943 358 3982 rus.
377 3927 403 3980 al
420 3945 454 3982 m.
473 3930 494 3982 2
511 3930 538 3980 Α
633 3945 722 3998 peom
741 3945 812 3984 erus.
831 3930 888 3983 lum
905 3929 954 3984 sed
970 3931 1011 3984 tto
1028 3935 1061 3984 ιιι
1078 3946 1136 3984 aaa
1149 3946 1267 3998 prorsus
1285 3933 1439 3988 euomuerit

303 4020 330 4068 et
347 4029 367 4068 a
385 4030 436 4069 aar.
455 4016 528 4068 m.2
555 4015 634 4068 onnia
656 4016 684 4068 A
711 4015 806 4084 pedum
825 4022 923 4084 pauet.
948 4022 974 4069 et
996 4017 1028 4070 ia
1051 4033 1103 4086 mg.
1127 4015 1191 4070 add.
1210 4034 1244 4070 m.
1264 4033 1317 4072 rau.
1344 4034 1439 4085 peram

303 4100 331 4154 Β
357 4114 447 4167 peram
470 4099 511 4153 ed.
535 4098 671 4154 Bolaatue
696 4101 803 4170 (pedum
825 4101 850 4162 b)
956 4102 989 4155 12
1016 4102 1147 4169 relinquit
1170 4107 1266 4170 puroet.
1291 4119 1307 4154 ιι
1337 4103 1364 4157 Β

304 4187 338 4241 15
355 4185 507 4255 relinquant
525 4185 567 4240 ed.
587 4186 727 4241 Baluaa'us
833 4187 863 4242 16
887 4186 956 4241 hano
974 4187 1165 4242 infidelitatem
1184 4188 1211 4242 Β
1315 4188 1349 4241 20
1373 4190 1438 4243 reli-

303 4271 392 4340 gionis
418 4272 536 4341 professe
563 4272 590 4325 B
727 4272 761 4325 22
793 4272 961 4328 arbitrantur
990 4274 1031 4328 ed.
1058 4274 1195 4330 Bodatius
1224 4278 1305 4336 (carte
1330 4274 1364 4329 ιιι
1391 4275 1437 4329 ad.

303 4361 413 4425 quarto)
517 4357 655 4412 adomnia
674 4374 707 4413 aa
724 4374 816 4413 omnes
833 4375 902 4413 corr.
920 4363 984 4415 ιιι2
1001 4361 1028 4414 Β
1134 4361 1167 4414 26
1185 4375 1212 4414 se
1230 4376 1280 4414 om.
1296 4359 1325 4413 Β
