3096 5018
481 422 520 476 ad
538 424 717 478 ecclesiam
738 423 818 490 1115
837 424 946 479 17-23.
1215 425 1278 491 275

146 617 277 695 patrem,
302 618 334 679 et
356 616 471 680 amoris
492 631 622 678 munera
642 614 677 678 in
693 614 846 680 sacrificia
869 621 1054 681 conuertens
1076 619 1201 681 tantum
1218 617 1277 683 sibi

146 717 324 785 inmortalis
346 718 425 783 lucri
449 721 481 784 et
503 719 667 784 beatorum
688 715 849 785 fructuum
865 722 965 801 parat,
990 722 1026 784 ut
1048 723 1123 785 dum
1138 719 1171 783 id
1195 720 1276 801 quod

146 822 329 904 pignoribus
352 823 417 887 suis
439 827 602 906 praestans
621 823 746 888 domino
769 841 825 888 suo
850 824 999 901 faenerat,
1023 824 1080 888 hoc
1094 824 1171 905 ipso,
1195 824 1277 907 quod

147 927 212 990 suis
240 925 465 992 liberalitatem
494 925 607 991 tribuit
635 927 865 1008 temporariam,
896 926 956 992 sibi
979 928 1151 992 mercedem
1174 927 1278 1009 pariet

124 1029 379 1110 esempiternam.
419 1035 451 1095 at
481 1049 553 1096 uero
583 1049 666 1095 nunc
693 1030 904 1096 diuersissime
929 1034 960 1095 et
982 1031 1156 1111 inpiissime
1179 1031 1327 1097 1111111121

146 1133 272 1197 omnino
294 1152 314 1199 a
337 1133 401 1198 suis
431 1135 534 1198 minus
562 1134 759 1215 relinquitur,
789 1152 884 1218 quam
916 1135 1027 1216 quibus
1055 1136 1093 1199 ob
1116 1134 1164 1198 dei
1189 1153 1277 1198 reue·

146 1237 280 1300 rentiam
302 1237 374 1318 plus
396 1237 534 1315 debetur,
558 1238 660 1302 nullos
682 1238 781 1322 pietas
803 1240 906 1304 minue
922 1238 1059 1319 respicit,
1082 1256 1176 1319 quam
1200 1256 1276 1319 quos

144 1341 311 1423 praecipue
334 1339 442 1422 religio
465 1341 671 1407 commendat.
710 1340 842 1422 denique
866 1341 894 1404 si
910 1341 998 1423 quia
1020 1342 1200 1422 parentibus
1216 1340 1275 1406 lilii

146 1443 318 1508 offeruntur
350 1446 422 1520 deo,
456 1444 600 1509 omnibus
635 1444 709 1508 filiis
742 1447 971 1526 postponuntur
1002 1443 1116 1508 oblati:
1154 1443 1276 1524 indigni

110 1571 136 1612 1o
144 1548 325 1612 iudicantur
346 1545 529 1625 hereditate,
552 1548 626 1628 quia
649 1547 736 1630 digni
758 1547 878 1612 tuerint
900 1547 1137 1622 consecratione,
1162 1565 1198 1610 ae
1220 1563 1276 1626 per

144 1650 202 1714 hoc
224 1669 289 1714 una
310 1652 435 1715 tanturn
458 1669 492 1714 re
513 1651 696 1733 perentibus
718 1650 798 1715 uiles
821 1651 912 1728 finnt,
944 1651 1016 1733 quia
1037 1650 1193 1733 coeperint
1217 1650 1274 1714 deo

144 1771 210 1816 esse
233 1753 370 1835 pretiosi.
408 1772 444 1817 ex
466 1770 527 1835 quo
549 1753 692 1838 intellegi
713 1758 829 1838 potest,
853 1755 935 1836 quod
953 1755 1062 1819 nullus
1077 1769 1174 1835 paene
1190 1753 1273 1835 apud

143 1855 285 1920 homines
313 1856 405 1921 uilior
433 1862 483 1922 est
512 1877 606 1940 quam
635 1857 720 1934 derra,
749 1858 837 1922 cuins
869 1859 978 1940 utique
1008 1857 1045 1922 fit
1068 1856 1274 1938 despectione,

142 1962 180 2022 ut
209 1977 260 2023 eos
288 1960 452 2042 praecipue
480 1962 626 2040 parentes
655 1960 737 2026 filios
760 1962 918 2045 spernent,
948 1963 1002 2043 qui
1025 1961 1065 2026 ad
1088 1961 1180 2024 deum
1203 1976 1274 2026 ooc-

108 2064 247 2145 nperint
269 2065 435 2143 pertinere.

187 2199 226 2264 V.
264 2199 325 2265 Sed
358 2203 551 2285 praeclaram
584 2202 732 2268 uidelicet
765 2203 820 2284 qui
852 2203 928 2268 haec
961 2201 1084 2268 iaciunt
1119 2203 1326 2277 rationem22

144 2304 268 2368 consilii
291 2305 340 2369 sui
355 2305 492 2370 reddunt
510 2304 664 2371 dicentes:
688 2306 763 2390 quid
785 2324 862 2388 opus
886 2309 991 2371 estut
1014 2305 1088 2372 filiis
1112 2307 1175 2369 iam
1198 2305 1272 2369 reli·

143 2407 239 2490 giosis
262 2427 359 2490 aequa
382 2409 565 2474 hereditatis
588 2410 688 2491 portio
711 2409 931 2492 relinquatur?
960 2407 1040 2473 nihil
1063 2426 1135 2492 ergo
1157 2408 1272 2472 iustius

143 2513 221 2576 nihil
237 2512 362 2596 dignius
377 2532 472 2596 quam
487 2514 533 2591 ut,
557 2515 630 2596 quia
646 2519 814 2597 coeperunt
829 2513 968 2596 religiosi
985 2532 1060 2591 esse,
1085 2512 1270 2589 mendicent,

106 2634 203 2686 eonon
237 2615 363 2696 quidem
396 2619 477 2699 quod
511 2636 561 2682 eos
594 2618 671 2683 haec
698 2636 747 2683 res
776 2617 980 2681 mendicitate
1008 2634 1194 2697 oppressura
1222 2618 1272 2691 sit,

142 2720 224 2800 quod
240 2737 258 2783 1
273 2720 406 2784 terrenis
429 2720 634 2786 facultatibus
652 2721 848 2799 abdicentur,
873 2723 996 2786 caelum
1012 2739 1064 2802 spe
1080 2718 1273 2802 possidentes

143 2822 205 2885 cito
228 2823 323 2886 etiam
346 2843 379 2888 re
401 2842 605 2906 possessuros,
629 2827 757 2906 regente
779 2824 852 2888 illos
876 2827 931 2889 deo
951 2841 1006 2888 suo
1021 2843 1057 2888 ao
1078 2825 1272 2906 protegente,

143 2925 196 3006 qui
231 2943 280 2988 eos
313 2944 386 2990 cum
421 2927 596 2992 immortali
630 2947 684 3009 spe
719 2928 917 2992 aeternorum
955 2929 1052 2992 etiam
1086 2926 1274 2992 sufficientia

141 3028 362 3110 temporalium
390 3034 587 3113 muneratur;
622 3031 677 3095 sed
705 3034 822 3109 tamen,
854 3031 1008 3113 quantum
1032 3031 1071 3094 ad
1094 3028 1274 3094 inhumani·

103 3132 242 3200 aetatem
270 3137 437 3214 parentum
465 3135 609 3217 pertinet,
639 3139 739 3218 egent,
771 3134 925 3218 aquibus
950 3135 994 3198 sio
1016 3133 1117 3198 relicti
1140 3133 1215 3196 sunt
1237 3133 1274 3195 ut

142 3240 283 3317 egerent:
313 3239 395 3302 certe
419 3237 514 3302 etiam
537 3239 564 3304 si
586 3237 639 3321 qui
661 3257 722 3302 non
745 3239 872 3320 penitus
896 3240 990 3303 domu
1013 3235 1219 3300 eliminantur
1241 3236 1273 3299 et

141 3338 252 3422 quibus
275 3357 337 3402 non
360 3340 486 3406 omnino
511 3342 684 3405 extorribus
707 3340 796 3425 quasi
819 3359 899 3424 aqua
919 3344 951 3404 et
973 3339 1039 3423 igni
1061 3337 1272 3414 interdicitur,

140 3442 230 3507 tanto
253 3443 414 3508 inferiores
445 3445 595 3509 fratribus
621 3445 850 3527 relinquuntur,
880 3444 917 3507 ut
939 3441 1064 3506 etiamsi
1086 3444 1272 3524 paupertate

139 3565 201 3612 non
224 3548 344 3630 egeant,
367 3547 586 3630 conparatione
609 3553 715 3613 tamen
737 3566 827 3631 egere
850 3547 1025 3612 uideantur.
1057 3546 1172 3623 dicitis,
1197 3544 1271 3627 quid
1283 3550 1328 3616 23

192 3855 343 3910 tilenarat
370 3855 398 3909 B
500 3855 574 3908 bad
596 3872 617 3909 a.
635 3871 687 3911 ser.
703 3872 738 3910 m.
757 3858 777 3909 2
797 3858 811 3908 t
833 3855 889 3909 AB
994 3855 1027 3908 13
1053 3854 1217 3924 dispectione
1244 3855 1271 3909 A

139 3941 211 4010 desp.
232 3956 268 3996 ex
284 3941 353 4009 disp.
376 3957 447 3996 corr.
464 3945 536 3998 m.2
559 3941 587 3995 Β
690 3941 723 3994 14
745 3942 792 4009 qui
810 3940 940 3996 addeum
958 3956 992 3994 cro
1010 3943 1073 4009 quia
1097 3940 1175 3993 deum
1199 3953 1271 3994 corr.

138 4030 212 4083 ne2
236 4029 264 4081 A
368 4029 400 4081 18
419 4033 484 4096 poet
501 4043 587 4094 aequa
604 4027 668 4081 cdd.
684 4044 721 4096 p:
749 4043 809 4081 cum
827 4026 959 4080 iratribus
977 4025 1033 4079 suis
1136 4024 1170 4077 22
1188 4025 1272 4078 etiam

139 4131 160 4172 a.
180 4114 197 4168 i.
215 4131 249 4168 m.
268 4117 287 4169 2
304 4113 369 4168 odd.
393 4114 421 4167 A
524 4113 559 4167 24
582 4116 736 4167 muneratur
759 4129 792 4167 ecc
815 4116 974 4166 munuratur
991 4127 1060 4166 corr.
1078 4126 1114 4166 m.
1132 4114 1150 4165 2
1174 4112 1202 4164 A

138 4202 174 4255 26
192 4201 272 4254 domo
290 4214 325 4254 erc
343 4199 424 4253 domu
442 4214 511 4254 corr.
531 4216 564 4252 m.
584 4202 604 4254 2
621 4199 675 4252 AB
779 4202 806 4252 et
823 4199 943 4253 omittere
960 4197 1039 4252 malit
1055 4195 1202 4250 Hortele'ae

139 4287 173 4341 27
192 4287 264 4357 ignia
277 4303 313 4342 ecc
324 4287 384 4356 igni
396 4301 464 4343 corr.
479 4289 547 4340 m.2
563 4285 620 4340 AB
702 4293 765 4355 poet
782 4285 952 4340 interdicitur
969 4285 1072 4353 11141
1090 4291 1116 4339 et
1134 4283 1273 4338 1111111
1322 4321 1327 4333 .

139 4373 297 4428 Halmium:
317 4389 375 4428 cum
389 4375 420 4426 ut
431 4375 524 4426 tenues
536 4375 585 4426 aut
595 4373 666 4426 certe
683 4371 877 4426 usulructuarii
895 4372 1090 4441 relinquuntur,
1111 4374 1201 4424 tamen

1115 4474 1169 4527 18*
