2972 5000
267 395 307 460 16
749 394 891 448 Seluian

262 587 415 668 seuiptura
429 603 526 668 saera,
550 587 650 668 quod
673 585 799 650 multa
820 584 983 649 malitia
1003 583 1201 649 hominum
1224 589 1328 650 esset
1354 587 1397 651 in

264 695 371 756 terra
400 694 437 753 et
459 691 602 754 cuneta
634 689 825 772 cogitatio
859 689 989 754 sordis
1022 688 1186 753 intenta
1215 689 1321 754 esset
1344 693 1398 755 ad
1448 677 1449 690 ¹

263 792 404 860 malum
425 793 528 857 omni
550 795 739 874 tempore,
762 792 965 875 paenituit
980 810 1064 856 eum
1079 793 1177 873 quod
1197 791 1398 857 hominem
1449 720 1452 902 ι

264 897 430 961 fecisset
461 896 501 960 in
534 898 657 973 terra,
692 899 730 960 et
752 897 886 961 taetus
914 895 1050 959 dolore
1078 895 1209 959 cordis
1239 897 1396 961 intrin·
1450 905 1453 972 t

263 1017 391 1078 secus,
425 998 585 1082 delebo,
618 997 770 1082 inquit,
803 999 1001 1063 hominem
1034 1016 1144 1081 quem
1181 1002 1337 1077 creaui,
1375 1017 1455 1090 aa,

213 1099 364 1168 32iaoie
386 1103 528 1167 terrae.
564 1102 792 1167 consideremus
819 1101 1082 1183 quemadmodum
1109 1100 1143 1165 in
1166 1101 1213 1166 luis
1242 1103 1393 1168 omnibus
1454 1110 1456 1158 l

264 1207 295 1271 et
316 1205 494 1270 sollicitudo
523 1203 641 1270 domini
671 1203 788 1288 pariter
810 1205 844 1269 et
871 1203 1020 1270 seueritas
1047 1204 1211 1270 indicetur.
1249 1206 1394 1289 primum
1456 1174 1458 1268 ἶ

264 1309 349 1374 enim
375 1309 419 1374 ait
450 1308 568 1374 ‘uidens
596 1311 704 1374 autem
732 1307 829 1388 deus’,
857 1307 991 1373 seeundo
1025 1308 1136 1374 ‘taetus
1159 1308 1263 1373 dolore
1288 1309 1395 1374 oordis

263 1413 471 1496 intrinsecus,
493 1415 586 1479 tertio
611 1411 738 1497 dolebo,
762 1411 875 1495 inquit,
898 1410 1054 1476 hominem
1077 1431 1170 1493 quem
1192 1411 1314 1478 oreaui'.
1354 1413 1393 1476 in
1460 1434 1461 1468 u

263 1516 322 1582 hoo
354 1515 518 1600 siquidem,
552 1516 635 1597 quod
668 1514 776 1580 uidere
810 1516 914 1580 omnia
946 1514 1021 1578 deus
1054 1513 1179 1593 dieitur,
1215 1533 1289 1580 eura
1321 1514 1392 1580 eius
1407 1500 1462 1583 ω’

263 1620 448 1703 ostenditur,
471 1619 504 1685 in
526 1617 595 1702 hoo,
618 1618 700 1701 quod
715 1617 809 1698 dolet,
832 1621 932 1683 terror
944 1617 1029 1693 irati,
1052 1619 1085 1683 in
1100 1618 1166 1699 hoe,
1189 1619 1271 1702 quod
1286 1620 1393 1703 punit,

263 1723 411 1789 senentes
440 1721 621 1788 iudicantis.
658 1720 822 1802 ‘paenituit
850 1739 923 1805 ergo
955 1720 1069 1799 deum,
1102 1721 1205 1804 inquit
1234 1721 1394 1804 scriptura

265 1845 359 1900 sacra,
389 1825 480 1909 ‘quod
509 1824 666 1890 homiuem
693 1824 818 1888 lecisset
838 1823 870 1888 in
894 1823 997 1902 terra,
1031 1841 1092 1887 non
1115 1823 1196 1907 quod
1218 1827 1293 1889 deus
1316 1825 1394 1891 huin

264 1929 307 1993 sit
327 1927 474 1992 obnoxius
508 1927 608 1991 motui
641 1930 697 1991 aut
729 1927 788 1991 ulli
822 1926 983 1991 subiaceat
1017 1925 1161 2008 passioni,
1200 1930 1252 1993 sed
1286 1947 1392 1994 sermo

265 2029 389 2095 diuinus
422 2031 462 2094 ad
496 2030 714 2095 insinuandam
749 2029 871 2111 plenius
905 2028 993 2094 nobis
1025 2049 1135 2094 ueram
1162 2030 1433 2114 seripturarum

264 2133 526 2218 intellegentiam,
556 2135 643 2215 quasi
668 2133 805 2197 humano
834 2133 995 2198 nobiseum
1023 2132 1135 2198 affeetu
1162 2133 1306 2215 loquens,
1330 2138 1394 2201 sub

264 2236 389 2301 nomine
410 2237 598 2319 paenitentis
622 2237 672 2301 dei
694 2238 761 2302 uim
784 2237 1009 2303 demonstrauit
1031 2237 1122 2318 irati;
1144 2237 1191 2302 ira
1213 2241 1262 2303 est
1284 2241 1393 2304 autem

213 2337 255 2403 33
264 2341 440 2406 diuinitatis
463 2358 562 2424 poena
584 2341 750 2424 peccantis.
782 2341 855 2424 quid
878 2359 951 2425 ergo
973 2344 1043 2422 post
1059 2341 1136 2405 haee
1150 2344 1290 2405 secutum
1313 2345 1394 2408 est?

266 2462 368 2522 oum,
399 2444 516 2528 inquit,
546 2443 718 2509 uidisset
742 2444 834 2508 deus
857 2445 1005 2509 terram
1032 2462 1120 2509 esse
1149 2450 1393 2528 corruptam,

265 2547 369 2613 dixit
390 2549 436 2611 ad
458 2547 552 2612 Noa:
586 2545 682 2611 finis
717 2547 928 2613 uniuersae
962 2547 1090 2612 earnis
1123 2548 1234 2612 uenit
1261 2566 1433 2614 eoramso

265 2669 337 2732 me,
372 2650 525 2732 repleta
552 2653 610 2713 est
637 2650 743 2713 terra
771 2648 1033 2730 iniquitates
1063 2651 1169 2714 faeie
1200 2669 1329 2716 eornm
1354 2657 1394 2718 et

266 2770 335 2833 ego
364 2752 587 2834 disperdam
616 2769 680 2815 eos
709 2770 793 2816 eum
815 2754 931 2817 terra.
967 2753 1095 2836 etquid
1117 2757 1248 2835 posteat
1281 2759 1393 2837 rupti

266 2857 371 2933 sunt,
401 2853 521 2936 inquit,
552 2872 680 2920 omnes
708 2855 840 2919 fontes
870 2855 1003 2940 abyssi
1034 2873 1199 2938 magnae
1223 2861 1262 2922 et
1285 2859 1393 2924 eata-

267 2961 399 3024 raetae
421 2958 525 3023 caeli
547 2960 709 3041 apertae
731 2962 823 3024 sunt
845 2958 1028 3042 laetaque
1047 2965 1108 3025 est
1123 2963 1394 3052 pluuiasuper

368 3140 399 3195 19
418 3138 483 3194 Gen.
503 3141 527 3206 6,
547 3140 581 3194 12
683 3139 718 3194 23
735 3137 802 3196 Gen.
822 3142 846 3206 7,
865 3141 896 3194 11

263 3305 344 3372 ptura
371 3319 446 3358 sauro
470 3303 536 3369 fort.
563 3303 682 3359 delenda
709 3319 763 3359 esse
785 3309 870 3373 potat
895 3305 1024 3360 Halmius
1041 3310 1074 3359 ot
1096 3307 1132 3359 sit
1155 3307 1244 3375 inquit
1267 3313 1394 3364 notrum

263 3391 358 3444 ‘heisst
380 3390 428 3454 ss';
455 3390 542 3444 moissi
565 3405 632 3444 uero
655 3390 688 3444 de
710 3392 926 3460 transpositione
948 3392 1068 3462 nouitate
1089 3393 1166 3446 houd
1187 3409 1251 3448 roro
1269 3399 1295 3447 et
1313 3395 1343 3447 io
1362 3396 1393 3450 A

264 3477 359 3543 obedo,
377 3478 539 3545 praesertim
556 3492 616 3531 eom
632 3477 698 3532 hose
719 3477 826 3533 citandi
843 3478 916 3532 ratio
934 3478 1069 3534 Saluiam
1086 3479 1223 3534 sollemnis
1239 3495 1294 3534 esse
1311 3479 1392 3534 aide·

263 3569 328 3618 otor
346 3562 381 3630 ef.
401 3561 462 3616 III
475 3566 494 3617 8
511 3563 566 3628 bia·
592 3564 623 3618 io
636 3564 735 3632 ommis
752 3563 865 3618 otnero
880 3565 1002 3632 priorem
1019 3564 1117 3630 losum,
1136 3565 1183 3618 oti
1200 3571 1253 3620 est.-
1276 3567 1323 3633 qui
1342 3566 1391 3634 (sc.

264 3650 338 3719 deus)
361 3649 454 3703 iussit:
480 3649 617 3716 maledici,
641 3649 731 3717 inquit
753 3665 838 3704 sermo
862 3649 983 3715 diuinus,
1008 3666 1118 3718 reguum
1137 3657 1194 3715 ete,
1216 3652 1264 3705 obi
1285 3653 1391 3707 maiore

262 3736 324 3791 iate
346 3735 379 3790 ds
400 3735 556 3805 uiossemote
576 3735 608 3789 io
629 3751 678 3789 oo.
699 3750 783 3789 sermo
808 3735 862 3792 diu.
880 3736 1057 3805 cogitauerim
1084 3737 1201 3804 1111a‚·
1232 3735 1277 3790 VI
1292 3740 1324 3804 5;
1351 3739 1392 3792 od

263 3825 366 3880 Bootes.
385 3822 406 3877 I
421 3827 445 3876 7.
465 3821 523 3876 111
537 3825 580 3876 10.
598 3827 638 3877 12.
658 3827 690 3877 19
703 3829 751 3878 eto.
848 3823 864 3877 3
882 3824 1014 3892 poenituit
1032 3823 1059 3876 A
1077 3825 1212 3893 quietius
1225 3825 1391 3892 pierumque

263 3911 384 3980 penituit
404 3909 450 3964 teet
472 3908 590 3978 penituit
612 3909 708 3977 totot5
735 3909 852 3977 penituit
871 3910 928 3976 (eie)
947 3909 975 3963 Β
1080 3909 1113 3963 10
1133 3909 1197 3963 deus
1216 3926 1236 3964 s.
1255 3911 1274 3966 i.
1293 3911 1319 3964 Β

263 3996 296 4051 ll
314 3996 426 4066 punitur
443 3997 471 4049 A
574 3995 606 4049 12
628 4010 690 4064 ergo
712 3995 804 4064 inquit
821 3993 898 4048 deum
917 4011 992 4050 secra
1009 4011 1058 4050 ser.
1076 3995 1147 4064 quod
1164 3995 1219 4050 AB
1253 3996 1327 4062 ‘fort
1346 3996 1389 4049 in-

263 4082 324 4151 quit
347 4097 406 4136 eum
432 4082 576 4152 [scripture
598 4080 681 4150 saera]
707 4079 785 4149 quod’
809 4080 953 4149 Halmius;
979 4097 1029 4136 noos
1051 4083 1151 4136 itesam
1168 4083 1389 4150 transposuimus

263 4167 319 4222 duo
336 4183 383 4220 uo.
402 4172 533 4236 utsupra
550 4172 575 4230 t.
589 4167 623 4219 31
710 4166 742 4220 15
760 4181 848 4219 ueram
867 4182 902 4220 ex
917 4182 1005 4220 rernm
1023 4167 1054 4220 ia
1071 4183 1088 4219 v
1105 4181 1174 4220 sorr.
1187 4167 1389 4221 Brassioaaus:

263 4268 351 4307 rerum
369 4253 424 4306 AB
528 4253 560 4306 16
584 4251 793 4321 intelligentiam
815 4252 859 4306 itio
877 4257 902 4306 et
919 4253 946 4305 A
1049 4251 1084 4305 20
1105 4255 1192 4305 terrae
1211 4269 1231 4306 s.
1249 4269 1298 4307 ser.
1317 4269 1350 4306 m.
1370 4257 1387 4306 1

262 4339 347 4395 earnis
366 4339 393 4393 Β
496 4339 530 4393 23
548 4341 647 4394 ostes·-
664 4340 770 4406 sportae
788 4337 814 4390 A
