2972 5000
266 375 309 443 22
483 435 487 444 ⁴
753 373 910 434 Saluiaui

266 566 388 648 Moyses
417 564 514 630 uerba
541 563 650 648 populi
672 565 712 630 ad
735 562 906 640 dominum,
936 563 1050 632 dixerit
1073 567 1102 630 ei
1124 565 1287 638 domum:
1315 567 1392 636 iam

265 686 367 733 nunc
387 667 542 734 nenium
565 667 610 732 ad
631 668 669 734 te
690 668 731 736 iu
753 667 930 753 ealigine
952 670 1088 748 nubis,
1111 671 1157 734 ut
1177 671 1313 740 audiat
1334 687 1393 739 mo

265 770 431 851 populus
453 770 684 853 loquentem
707 769 754 836 ed
775 771 823 836 te.
859 774 890 836 et
911 771 1004 853 paulo
1026 775 1111 856 post:
1146 790 1254 857 ecoe,
1276 773 1391 856 inquit,

265 874 481 956 coeperunt
517 871 647 940 audiri
682 872 868 942 tonitrua
904 891 946 940 ac
982 877 1125 942 micare
1158 877 1319 960 fulgura
1351 879 1393 944 et

264 977 385 1043 nubes
417 975 655 1043 densissima
687 977 841 1060 operire
873 981 1054 1045 montem.
1092 982 1125 1044 et
1158 979 1290 1047 iterum:
1328 979 1435 1049 dre-⁵

264 1079 496 1163 scanditque
529 1077 718 1146 deminus·
748 1089 869 1162 super
899 1083 1073 1148 montem
1107 1081 1200 1152 Sina
1232 1083 1272 1147 in
1303 1083 1392 1163 ipso
1476 1149 1477 1152 ,

263 1183 408 1249 monti-s
443 1181 611 1250 uertice,
664 1201 701 1251 ac
738 1182 904 1266 deinceps:
948 1182 1268 1267 loquebaturque
1305 1201 1392 1254 cum

262 1284 393 1370 Moyse
421 1285 654 1354 uidentibus
683 1285 904 1372 uniuersis,
935 1286 1033 1369 quod
1062 1287 1245 1352 columna
1268 1287 1391 1354 uubis

261 1388 307 1454 ad
341 1387 489 1454 ostium
521 1391 650 1456 staret
684 1389 952 1472 tabernaculi,
986 1390 1224 1472 stabantque
1254 1389 1291 1456 et
1312 1392 1390 1474 ipsi

261 1494 299 1556 et
335 1491 554 1560 adorabant
590 1511 658 1576 per
694 1491 800 1561 tores
836 1494 1185 1562 tabernaculorum
1221 1511 1432 1564 suorumro

260 1593 499 1676 loquebatur
535 1595 713 1664 domiuus
750 1597 796 1663 ad
828 1597 986 1680 Moysen
1021 1596 1124 1662 facie
1157 1598 1202 1666 ad
1235 1595 1389 1682 faciem,

261 1697 365 1763 sicut
394 1697 501 1780 loqui
532 1698 636 1766 solet
663 1699 772 1766 homo
800 1698 846 1766 ad
874 1699 1039 1768 amioum
1061 1718 1180 1766 suum.
1214 1717 1292 1783 quae
1312 1719 1389 1774 cum

260 1799 307 1865 ita
336 1799 418 1880 sint,
451 1803 615 1869 uideturne
644 1802 757 1868 habere
784 1802 919 1868 hominis
943 1805 1164 1882 emandans,
1198 1802 1276 1870 haee
1297 1806 1388 1874 tanta

260 1901 410 1980 tribuens,
433 1905 508 1972 haec
529 1906 620 1970 tenta
641 1907 812 1987 praestans,
835 1904 1023 1989 participem
1045 1905 1196 1972 sermonis
1218 1905 1268 1972 sui
1290 1907 1387 1974 uilem

259 2006 484 2076 uomuuouluru
505 2006 623 2076 iaciens
647 2009 679 2080 et
701 2007 791 2090 quasi
814 2007 847 2074 iu
871 2009 1062 2077 consortium
1083 2027 1189 2075 sacrae
1211 2009 1427 2076 sodalitatisre

258 2108 446 2191 admittens,
480 2110 621 2191 aperiens
643 2110 678 2177 ei
708 2110 816 2192 plenas
849 2109 973 2184 diuitiis
1003 2111 1232 2178 immortalibus
1264 2112 1387 2196 palmas

258 2231 338 2294 suas,
364 2212 450 2282 aleus
472 2229 524 2281 sos
547 2213 682 2282 neamus
704 2213 826 2295 poculo,
848 2231 977 2296 pascens
998 2214 1126 2284 caelesti
1148 2214 1244 2282 cibo?
1280 2233 1384 2300 quam.

258 2331 347 2398 rogo,
381 2314 532 2385 maiorem
561 2317 605 2382 sis
635 2316 841 2402 gubernaculi
870 2320 919 2385 sui
947 2320 1104 2400 praestare
1133 2336 1255 2398 curam,
1291 2338 1386 2400 quem

257 2420 408 2488 maiorem
435 2421 592 2503 praestare
621 2421 723 2502 potuit
745 2421 907 2502 affectum,
938 2440 1032 2504 quam
1056 2423 1094 2489 ut
1115 2439 1188 2496 oum
1210 2423 1384 2508 praesentis

257 2521 375 2590 saeculi
399 2523 501 2592 uitam
527 2524 662 2608 agerent,
684 2525 822 2605 speeiem
837 2524 900 2592 iam
921 2523 1045 2600 futurae
1060 2523 1268 2594 beatitudinis
1284 2526 1425 2609 possi-aq

257 2623 387 2693 derant?
1250 2662 1264 2689 1

203 2735 247 2802 45
300 2725 342 2794 X„
365 2724 425 2794 Sed
448 2728 669 2810 respondeatur
690 2728 770 2796 forte
792 2729 852 2798 loo
872 2731 950 2809 loco,
973 2729 1120 2800 habuisse
1134 2731 1290 2814 quondam
1304 2731 1384 2798 hauc

257 2828 420 2901 bominum
447 2848 554 2900 aunam
583 2831 694 2908 deum,
729 2833 867 2903 ueterum
899 2851 985 2904 nuuc
1015 2833 1140 2916 penitus
1169 2853 1231 2902 uon
1257 2834 1383 2903 habere.

255 2931 337 3002 undo
359 2932 419 3002 boc
439 2932 489 3004 ito
510 2933 689 3004 oredimus?
725 2933 858 3004 forsitan
884 2935 973 3018 quia,
1003 2939 1039 3006 ut
1066 2936 1117 3003 illi
1146 2939 1238 3017 tuuc,
1266 2956 1383 3004 manua

255 3036 368 3106 medie
389 3055 451 3108 nou
482 3037 688 3114 comedimus,
718 3056 791 3106 oum
818 3057 908 3122 agros
937 3040 1069 3107 triticeis
1097 3040 1204 3123 plenos
1226 3041 1422 3115 messibusao

254 3141 471 3208 demetamus?
508 3140 582 3223 quia
611 3144 786 3208 coturnices
815 3143 961 3210 humanis
984 3163 1017 3208 se
1039 3144 1184 3210 manibus
1206 3144 1382 3229 ingerentes

253 3261 316 3312 uon
344 3244 620 3330 adprehendimus,
656 3263 727 3313 aum
754 3246 868 3340 omnia
887 3246 994 3340 auium
1023 3248 1179 3329 pecudum
1207 3247 1383 3316 bestiarum
1476 3321 1477 3334 χ

252 3363 366 3428 genera
385 3345 595 3424 damnemus?
622 3347 704 3430 quod
719 3347 868 3417 salientes
882 3349 1013 3432 rupibus
1028 3370 1125 3434 aquas
1143 3351 1257 3434 apertis
1273 3350 1382 3418 oribus

252 3467 312 3516 noa
332 3448 520 3534 mamimus,
542 3464 615 3516 eum
648 3450 785 3518 uinarias
808 3453 915 3520 domos
938 3452 1101 3519 uinearum
1127 3454 1279 3521 fructibus
1299 3455 1382 3521 inri-

249 3673 284 3729 33
311 3672 327 3728 9
354 3583 565 3668 lllxod.19‚9
613 3585 760 3645 'aaron
780 3586 822 3654 19,
841 3587 874 3642 16
954 3587 1071 3646 5Exod.
1092 3591 1133 3660 19,
1151 3591 1185 3645 20
1263 3589 1380 3648 tExod.

285 3714 292 3740 2
332 3687 396 3746 -S‘l‘b

299 3795 317 3850 4
341 3791 430 3852 audiri
454 3808 488 3848 eor
509 3793 603 3852 audire
619 3794 647 3846 A
664 3809 736 3850 corre
751 3799 821 3850 ou1
925 3795 1034 3866 fulgora
1050 3797 1082 3852 a'aa
1099 3797 1129 3852 A
1145 3797 1234 3864 fatere
1248 3799 1379 3868 addetam

249 3879 642 3948 mammuti-
746 3879 908 3950 obruam
1011 3881 1379 3948 balbostiumstaretrt

249 3965 384 4026 saraed
406 3964 526 4026 usuum
548 3965 576 4022 B
613 4007 615 4014 .
679 3965 713 4022 13
735 3965 856 4027 bomiuie·
875 3966 972 4027 babere
985 3969 1024 4030 ,Β
1130 3970 1163 4032 14
1184 3969 1379 4034 bonusculum

247 4048 330 4110 aibat
343 4049 376 4108 B
403 4083 407 4112 ι
472 4051 507 4112 16
523 4050 711 4112 inmortalibus
728 4051 757 4108 B
854 4052 888 4112 22
903 4053 1039 4124 quondam
1057 4072 1093 4111 eu
1110 4055 1243 4124 quandam
1257 4062 1287 4114 A
1303 4073 1376 4119 ooor.

247 4147 281 4194 oo.
299 4149 353 4194 ccc·
376 4191 381 4196 .
450 4136 484 4192 23
502 4137 627 4206 paenitus
643 4138 674 4194 A
770 4139 803 4194 ut
820 4139 915 4200 rosit
931 4139 959 4200 B
977 4156 1046 4200 corr·
1060 4147 1130 4202 'aaz
1223 4141 1260 4202 24
1275 4148 1377 4204 manui

247 4219 358 4280 cottidie
376 4221 404 4278 B
497 4222 534 4280 25
550 4223 671 4282 triticeos
688 4224 717 4278 B
811 4224 845 4282 26
864 4224 1036 4286 dimittamus
1052 4229 1081 4282 A
1178 4227 1211 4282 29
1229 4229 1376 4298 accipimus

247 4303 275 4360 B
378 4305 448 4362 dom’
467 4309 527 4378 (eie)
545 4309 574 4366 B
1267 4361 1269 4366 ,
