2972 5000
264 351 283 416 8
745 351 906 406 Saluiani

262 539 383 605 talenta
404 558 464 605 non
486 547 671 624 premerent,
695 561 765 610 cum
789 547 884 611 etiam
906 549 1029 630 argenti
1052 567 1144 614 usum
1159 549 1280 632 legibus
1303 567 1403 614 coer-

264 645 392 708 cerent?
424 647 573 727 numquid
601 645 769 712 illecebrae
798 650 829 714 et
858 651 1040 733 cupiditatis
1069 669 1201 734 poenam
1228 655 1402 734 putabant,

264 746 345 844 qued
368 745 508 813 distenta
537 749 639 814 aureis
670 751 807 815 nummis
840 753 1000 835 marsupia
1031 771 1094 819 uon
1122 755 1285 835 haberent,
1319 775 1405 821 cum

264 848 432 930 patricium
455 851 622 928 hominem,
646 857 726 936 quod
749 873 845 939 usque
867 857 906 921 ad
926 857 1035 922 decem
1050 858 1174 941 argenti
1189 859 1285 926 libras
1301 859 1404 924 diues

213 943 251 1009 11
264 969 328 1017 esse
352 953 519 1033 uoluisset,
549 956 714 1039 indignum
743 958 829 1023 curia
856 959 1052 1026 iudicarent?
1097 979 1159 1026 uon
1180 961 1405 1044 despiciebant
1432 985 1447 1024 5

264 1055 355 1132 tunc,
384 1059 474 1138 puto,
502 1077 649 1141 pauperes
673 1061 790 1143 cultus,
823 1080 895 1126 cum
916 1067 1038 1130 uestem
1066 1064 1183 1130 hirtam
1206 1083 1243 1130 ao
1265 1067 1404 1132 breuem

265 1163 435 1240 sumerent,
460 1181 530 1228 cum
552 1162 590 1227 ab
613 1164 716 1229 aratro
738 1170 966 1231 arcesserentur
989 1165 1142 1232 ad‘fasces
1159 1170 1190 1232 et
1204 1168 1404 1234 inlustrandi

266 1262 375 1329 habitu
410 1266 564 1332 consulari
597 1265 662 1332 illis
697 1268 828 1334 fortasse
861 1269 937 1353 ipsis
972 1288 1048 1352 quas
1077 1271 1275 1354 adsumpturi
1302 1274 1404 1336 erant

265 1366 481 1450 imperialibus
499 1370 581 1454 togis
596 1373 757 1438 madidum
768 1373 879 1438 sudore
891 1373 1053 1457 puluerem
1067 1373 1273 1458 detergerent.
1287 1374 1403 1456 itaque

266 1471 343 1535 tunc
365 1470 414 1535 illi
436 1491 584 1556 pauperes
606 1475 812 1557 magistratus
842 1477 1023 1558 opulentam
1049 1477 1274 1559 rempublicam
1296 1477 1447 1542 habe-10
1477 1549 1478 1552 g

266 1571 359 1651 bant,
389 1593 470 1640 nunc
500 1578 606 1640 autem
636 1577 722 1642 diues
750 1579 886 1660 potestas
915 1597 1082 1662 pauperem
1111 1580 1189 1646 facit
1217 1597 1284 1645 esse
1310 1598 1402 1646 rem·

266 1676 434 1758 publicem.
459 1679 490 1744 et
512 1697 599 1762 quae,
624 1698 709 1764 rogo,
732 1681 852 1747 insania
867 1685 916 1747 est
931 1686 986 1748 aut
1001 1701 1080 1765 quae
1101 1684 1241 1762 caecitas,
1263 1683 1300 1748 ut
1322 1701 1404 1766 ege-

267 1783 373 1846 stuosa
402 1801 438 1848 ac
459 1783 656 1848 mendicante
686 1784 846 1868 republica
877 1785 1004 1852 diuitias
1033 1805 1123 1870 posse
1153 1783 1285 1852 credant
1312 1787 1402 1851 stare

267 1885 431 1967 priuatas?
453 1887 531 1952 tales
554 1907 627 1972 ergo
649 1890 725 1955 tunc
748 1891 868 1956 creares
884 1891 1018 1957 Romani
1039 1891 1130 1956 erant
1144 1893 1176 1956 et
1196 1892 1240 1956 sio
1255 1890 1306 1955 illi
1319 1890 1403 1954 tunc

268 1992 508 2057 contemnebant
531 1991 661 2056 diuitias
684 1993 855 2060 nescientes
883 1994 990 2076 deum,
1026 1995 1109 2059 sicut
1137 2012 1217 2059 nuno
1245 1995 1404 2076 spernunt
1415 2015 1444 2054 15

218 2094 259 2159 12
268 2095 433 2178 sequentes
456 2095 628 2160 dominum.
665 2115 853 2180 quamquam
875 2097 951 2179 quid
973 2115 1030 2180 ego
1053 2099 1090 2162 de
1112 2097 1179 2162 illis
1201 2097 1318 2179 loquor,
1342 2095 1404 2178 qui

269 2218 344 2267 cura
372 2198 496 2282 imperii
524 2201 716 2284 propagandi
750 2201 966 2282 contemptum
994 2200 1134 2284 propriae
1167 2199 1326 2266 facultatis
1354 2200 1403 2264 ad

268 2322 339 2388 oper
368 2303 508 2388 publicas
539 2301 736 2370 conterebant
758 2304 805 2383 et,
832 2303 907 2368 licet
929 2305 1077 2386 priuatim
1104 2322 1253 2386 pauperes
1282 2306 1402 2378 essent,

268 2407 389 2474 diuitiis
419 2412 524 2474 tamen
551 2406 768 2473 communibus
799 2407 1021 2488 abundabant,
1056 2426 1127 2472 curn
1161 2406 1256 2472 etiam
1286 2405 1403 2472 Graeci

269 2514 395 2594 quidam
411 2511 583 2593 sapientiae
598 2512 766 2576 sectatores
781 2511 849 2576 sine
863 2511 929 2575 ullo
945 2510 1089 2594 publicae
1111 2510 1261 2576 utilitatis
1284 2509 1403 2574 affectu
1414 2533 1441 2572 20

269 2631 365 2697 prope
388 2615 473 2678 omni
494 2633 525 2679 so
547 2615 594 2680 rei
614 2615 777 2681 familiaris
797 2633 857 2679 usu
880 2614 1091 2697 assequendae
1112 2613 1230 2697 gloriae
1246 2613 1404 2679 auiditate

271 2716 474 2796 nudauerint,
504 2734 560 2780 nec
582 2715 683 2780 solum
704 2715 777 2799 hoc,
807 2715 859 2780 sed
890 2715 985 2780 etiam
1008 2733 1103 2797 usque
1125 2713 1165 2780 ad
1186 2715 1405 2796 contemptum

272 2819 386 2886 doloris
414 2837 451 2884 ac
479 2821 588 2884 mortis
618 2819 773 2884 doctrinae
801 2837 876 2883 suae
904 2820 1027 2884 culmen
1056 2818 1224 2895 erexerint,
1260 2817 1404 2883 dicentes

271 2923 394 2989 scilicet
417 2923 513 2988 etiam
527 2921 560 2988 iu
575 2923 689 2987 catenis
706 2923 798 3004 atque
817 2920 977 3004 suppliciis
994 2922 1119 2987 beatum
1135 2939 1202 2986 esse
1216 2921 1403 3004 sapientem.

271 3029 393 3092 tantam
415 3026 543 3092 uirtutis
566 3025 630 3090 uim
649 3044 714 3091 esse
730 3025 904 3103 uoluerunt,
927 3026 963 3090 nt
978 3044 1040 3092 non
1053 3024 1154 3109 possit
1168 3043 1235 3089 esse
1249 3042 1405 3106 umquam
1415 3051 1443 3089 es

272 3131 322 3196 uir
343 3131 440 3196 bonus
463 3147 525 3194 uon
551 3130 672 3195 beatus.
717 3128 743 3192 si
772 3146 844 3212 ergo
874 3128 923 3194 illi
945 3147 964 3194 a
985 3127 1171 3210 quibusdam
1198 3127 1405 3193 nuncetiam

273 3233 463 3316 sapientibus
486 3232 564 3297 uiris
586 3232 694 3298 miseri
716 3248 778 3296 non
803 3232 970 3314 putentur,
1001 3231 1054 3313 qui
1075 3231 1179 3296 nullos
1207 3229 1322 3309 laboris
1352 3231 1406 3295 sui

272 3337 392 3402 fructus
414 3336 474 3402 nisi
498 3356 534 3402 ex
549 3337 705 3418 praesenti
721 3336 845 3402 tantum
860 3335 951 3402 laude
973 3335 1149 3418 capiebant,
1168 3336 1284 3418 quanto
1301 3335 1405 3416 magis

326 3598 339 3651 1
366 3597 512 3650 coercerent
530 3621 557 3650 a*
575 3598 603 3650 et
626 3595 653 3649 A
756 3593 943 3660 3-marsupm
961 3607 1021 3646 curn
1044 3592 1113 3660 patr.
1138 3590 1165 3644 A
1267 3589 1285 3642 4
1312 3588 1402 3669 decern

274 3699 358 3752 usque
376 3682 411 3736 ad
428 3683 456 3737 Β
473 3686 536 3737 111
630 3679 779 3735 buoluiss*
797 3695 862 3732 num
880 3678 954 3732 curia
971 3678 999 3732 A
1093 3678 1230 3731 duestem
1248 3699 1274 3730 es
1292 3678 1404 3732 breuem

274 3770 302 3824 A
405 3769 474 3823 lin
497 3767 631 3822 lustrandi
653 3767 681 3820 A
710 3764 866 3821 illustrandi
888 3765 916 3819 Β
1019 3763 1196 3818 Sconsnlsue
1219 3762 1247 3816 Β
1263 3766 1332 3815 111

274 3858 291 3912 9
309 3855 406 3912 sudoro
422 3880 448 3909 se
466 3856 558 3924 itaque
575 3853 603 3907 A
707 3851 740 3906 io
757 3850 948 3919 rempublicam
966 3872 980 3901 s
997 3865 1069 3903 nnnc
1087 3851 1114 3902 A
1219 3847 1251 3903 ia
1268 3849 1404 3900 insanam

276 3943 374 3998 cecitas
392 3943 420 3997 A
523 3941 678 4009 aegestuosa
702 3953 732 3992 ac
750 3938 898 3993 medicante
915 3937 941 3990 A
1046 3936 1078 3992 13
1097 3938 1169 3990 stare
1186 3960 1200 3990 a
1216 3935 1285 3988 tales
1304 3933 1332 3987 A

277 4029 310 4084 15
333 4028 558 4099 contempnebant
574 4028 639 4080 tnnc
662 4025 690 4079 Β
795 4025 827 4078 16
852 4023 911 4092 ego]
930 4038 993 4094 crgo
1011 4022 1040 4075 A
1142 4023 1235 4090 loquor
1252 4045 1279 4074 es
1296 4019 1404 4088 imperii

275 4116 303 4170 A
389 4117 422 4172 18
434 4115 555 4184 publicas
567 4112 668 4182 opesB
681 4113 718 4179 (et
730 4109 870 4178 Halmius)
959 4106 1293 4163 conferebautmdiuitiis
1306 4106 1334 4160 A

276 4204 310 4258 20
327 4202 432 4273 publice
449 4203 476 4256 A
568 4196 738 4253 utilitatibus
759 4196 787 4250 A
804 4195 851 4250 sect
868 4195 905 4249 bn
916 4201 1013 4264 paracl.
1110 4194 1143 4249 25
1161 4195 1219 4249 nim
1236 4192 1348 4248 uirtutis
1367 4209 1402 4247 ea

276 4290 333 4343 uim
351 4289 438 4343 uirtus
456 4289 483 4342 Β
501 4303 570 4342 corr.
588 4302 623 4340 m.
642 4287 662 4339 2
764 4286 882 4351 nuquam
900 4281 947 4336 scd
965 4297 983 4334 n
998 4286 1096 4350 pauet.
1114 4280 1143 4334 Β
