3036 5004
283 413 344 478 122
556 413 713 468 Seluieni
731 413 768 467 de
786 412 924 482 gubern.
942 411 995 466 dei
1017 411 1041 465 V
1060 413 1076 476 ἕ
1093 412 1134 466 61.

232 607 272 673 61
284 609 365 670 state
394 604 486 670 debes
518 605 635 668 cetero·
666 622 727 669 nen
746 603 948 686 malignitate
970 621 1124 684 superare.
1162 602 1224 684 legi
1255 603 1410 682 quendem

283 709 317 772 in
346 709 487 790 quedem
512 706 591 773 loeo:
625 723 734 770 neme
768 707 894 772 malus
928 706 1008 771 nisi
1037 705 1210 772 stultus:
1246 705 1279 768 ei
1308 703 1410 768 enim

283 813 457 894 saperet,
480 811 603 875 benus
626 827 710 874 esee
733 809 883 878 mallet.
915 813 946 875 et
968 810 1004 874 tu
1026 825 1109 892 erge,
1133 807 1160 874 ei
1183 807 1290 872 tamen
1311 805 1410 870 redire

285 914 387 980 adnue
400 913 440 979 ed
456 913 625 980 sanitatem
648 915 745 996 petes,
769 933 844 978 exue
866 914 1049 998 nequitiam,
1073 913 1100 977 si
1123 914 1170 977 uis
1191 911 1304 976 habere
1326 908 1411 992 sapi·

285 1015 414 1084 entiam.
453 1019 480 1083 si
509 1018 592 1082 enirn
626 1018 715 1100 optes
748 1018 799 1081 nel
830 1017 951 1100 sepiens
984 1016 1110 1082 omnino
1144 1033 1210 1080 esse
1232 1014 1285 1079 nel
1307 1031 1451 1091 seruet

284 1121 440 1186 exuendus
463 1120 522 1187 tibi
545 1123 669 1186 omnine
692 1124 723 1185 et
747 1122 984 1187 commutandus
1012 1139 1054 1185 ee.
1094 1117 1237 1184 abdicere
1265 1118 1370 1199 itaque
1392 1133 1412 1180 a

283 1223 415 1306 teipso,
450 1243 489 1289 ne
516 1224 668 1290 abdiceris
696 1222 879 1290 eOhriste:
914 1225 1040 1307 repudia
1055 1224 1111 1300 te,
1145 1223 1181 1286 ut
1210 1219 1412 1303 recipiariea

285 1325 424 1393 Christe:
446 1332 540 1410 perde
563 1329 687 1410 teipso,
711 1345 885 1410 reperere.
914 1327 980 1410 qui
1004 1327 1120 1400 enirn,
1144 1325 1247 1407 inquit
1262 1324 1410 1406 seruator,

284 1429 507 1515 perdiderit
528 1431 695 1498 enimam
714 1450 819 1497 suem
834 1430 1000 1514 ‘prepter
1022 1449 1092 1506 me,
1115 1427 1296 1494 inueniet
1318 1445 1409 1491 enm.

285 1533 381 1618 dilige
410 1534 517 1616 itaque
546 1535 624 1604 hene
652 1539 722 1600 tam·
737 1535 905 1600 delubrem
926 1534 1140 1615 perditionem,
1173 1535 1210 1596 nt
1233 1531 1411 1612 adsequeris
1422 1553 1450 1594 ιο

284 1655 392 1705 nerem
426 1638 571 1704 salutern.
608 1638 784 1704 liberandus
817 1641 902 1702 enim
937 1655 956 1702 a
989 1638 1046 1702 deo
1076 1631 1164 1724 [ipso]
1194 1637 1317 1701 omnino
1352 1653 1412 1700 nen

285 1742 356 1817 eris,
379 1741 440 1806 nisi
463 1745 494 1806 te
516 1743 583 1823 ipse
606 1741 810 1806 damnareris.

387 1928 467 1982 22*
546 1927 744 1994 emetri

337 2097 354 2150 3
376 2097 470 2151 mallet
488 2111 523 2152 ex
540 2097 619 2151 malit
642 2096 670 2149 A
687 2113 759 2151 corr.
777 2098 849 2150 Μ
952 2097 1043 2150 temen
1062 2096 1085 2148 si
1103 2095 1189 2150 redire
1208 2095 1235 2148 Β
1339 2099 1415 2165 potes

286 2201 371 2239 exffle
389 2183 485 2238 habere
508 2183 555 2238 sed
573 2199 607 2239 m.
627 2185 762 2238 recentes.
780 2199 801 2240 e.
819 2199 871 2240 ser.
896 2199 930 2236 ue
948 2181 1096 2252 nequitiem
1115 2208 1129 2235 e
1146 2183 1188 2236 nie
1206 2183 1234 2235 A
1337 2183 1353 2236 6
1371 2198 1415 2236 er-

285 2271 382 2324 tendue
399 2285 461 2324 uno
484 2272 512 2323 et
534 2270 562 2323 A
586 2269 761 2335 (exuenddnm
780 2270 818 2337 B)
922 2269 938 2322 i
958 2269 1080 2323 abdidere
1097 2269 1152 2322 AB
1169 2267 1245 2334 ‘fort
1264 2267 1360 2323 abdier
1377 2269 1418 2322 te*
1510 2313 1511 2324 ,

286 2357 424 2421 Hebriue,
443 2357 515 2424 quod
532 2356 664 2424 pennen
675 2371 744 2425 seqq.
763 2354 926 2425 repudiate,
944 2355 1063 2424 pendete
1080 2353 1262 2409 nomme-edant
1273 2353 1416 2410 uideatur.

285 2459 355 2512 epte
367 2449 459 2498 tamen
470 2448 577 2498 nonest
673 2443 687 2495 7
700 2457 734 2496 ne
746 2441 847 2496 abdieie
860 2443 887 2496 B
981 2442 998 2495 8
1009 2441 1089 2510 perde
1101 2443 1129 2494 te
1141 2439 1291 2510 rependite
1303 2439 1331 2492 A
1342 2454 1416 2494 cerr.

285 2533 358 2584 Μ
454 2530 572 2584 enlnetor
589 2529 681 2598 inquit
698 2529 726 2582 B
746 2528 807 2595 (ese.
826 2545 896 2598 qnae
914 2528 1008 2582 adnot.
1027 2527 1064 2582 ad
1083 2527 1164 2580 IIII
1178 2530 1223 2594 95)
1319 2525 1336 2579 9
1354 2541 1415 2579 enm

287 2616 403 2670 mannii
419 2617 452 2670 in
469 2614 497 2667 A
563 2601 566 2606 ’
595 2617 627 2668 11
645 2631 660 2668 a
678 2613 726 2668 deo
738 2613 931 2668 rininoeeeris
948 2619 976 2666 A
995 2613 1084 2680 (binae
1102 2615 1153 2668 titt.
1172 2619 1280 2668 tantum
1297 2617 1414 2680 utroque

287 2701 344 2756 tneo
357 2701 503 2754 rennuere
511 2706 612 2754 certem
621 2699 712 2766 tabeo,
725 2716 813 2768 quere
821 2705 893 2755 reete
903 2701 1038 2754 Beterrae
1046 2701 1157 2754 notauit
1166 2700 1263 2768 ipsein
1271 2698 1299 2751 A
1308 2697 1399 2752 deesse
1403 2717 1416 2764 ,·

286 2787 319 2839 im
336 2786 364 2840 B
380 2787 438 2854 ipse
456 2801 490 2838 en
501 2801 553 2854 seq.
571 2785 629 2853 ipre
646 2791 738 2838 intere
754 2785 879 2853 uidetur)
984 2786 1017 2838 12
1031 2789 1095 2852 pori
1111 2784 1280 2839 damnareris
1297 2783 1325 2836 A
1341 2784 1416 2837 hane

286 2871 512 2940 redemptionem
534 2870 627 2927 tanet.-
650 2884 782 2924 nxrmmr
804 2885 889 2928 mem
910 2883 1042 2928 eumenus.
1065 2885 1175 2926 rrermn
1197 2885 1282 2926 nmen
1300 2883 1416 2924 snxrns.

287 2971 372 3013 rnnrx
395 2971 466 3011 rnen
489 2971 661 3013 rremmnns
684 2971 839 3016 rennuere
860 2971 895 3010 nr
919 2969 1201 3014 rresneemsemne
1223 2961 1416 3023 (rnosnennnr

286 3059 377 3104 renen
394 3059 431 3099 nn
448 3057 536 3098 nume
554 3043 683 3098 Halmius
700 3043 776 3112 iepit)
799 3056 881 3096 snxrr
898 3055 1011 3096 memnr
1028 3057 1207 3122 ennrnmrne.
1232 3085 1234 3090 .
