3068 5012
473 396 510 450 da
528 396 663 466 gubern.
681 396 736 452 dei
754 396 808 452 VH
827 401 842 462 5
860 395 970 451 92-99.
1223 399 1284 466 187

150 593 240 655 sunt.
267 590 300 656 at
314 588 467 672 quomodo
482 588 673 654 immutata?
695 585 826 651 interest
849 585 933 652 enim
954 603 1015 652 non
1038 587 1139 652 solum
1158 585 1284 654 effedus

150 711 270 776 rerum,
294 692 467 758 sedetiam
490 691 660 757 effectuum
683 707 802 756 causas*
818 691 931 755 dicare.
962 689 1093 755 dificile
1109 691 1157 757 est
1172 691 1285 775 quippe

149 793 386 878 impudicitiam
414 793 511 860 uerbo
539 798 593 861 aut
621 793 755 860 iussione
785 793 865 870 tolli,
896 793 958 858 nisi
986 793 1082 859 luerit
1111 792 1230 872 ablata,
1254 794 1285 859 et

150 897 284 965 difficile
310 900 362 963 est
388 898 576 981 pudicitiam
604 900 699 964 narbo
720 897 813 980 exigi,
844 897 904 962 nisi
927 897 1023 962 fuerit
1047 899 1164 963 exacta
1203 899 1285 980 qnod
1295 896 1337 962 96

126 1002 204 1066 silli
227 1004 336 1085 ntique
358 1001 493 1068 scientes
516 1001 563 1066 sic
585 1000 815 1084 impudicitiam
838 1003 1084 1081 summouerunt,
1117 1003 1199 1085 quod
1221 1002 1284 1067 im·

149 1106 285 1188 pudicas
301 1104 574 1183 consummarunt,
593 1123 656 1169 nou
670 1103 895 1169 interficientes
910 1104 1115 1172 mulierculas
1131 1104 1282 1188 infelices,

149 1228 194 1273 na
215 1209 366 1273 uitiorum
395 1226 499 1273 curam
530 1206 716 1272 crudelitato
744 1211 969 1291 respergerent,
1000 1211 1033 1272 at
1059 1207 1134 1272 dnm
1156 1209 1286 1290 peceato

151 1311 277 1377 auferre
310 1312 469 1394 cuperent,
503 1312 565 1393 ipsi
593 1313 626 1376 in
653 1312 851 1395 peccatorum
884 1310 1074 1376 resecatione
1107 1312 1283 1394 peccarant.
1348 1394 1350 1400 Ι

150 1419 208 1482 sed
230 1417 278 1480 ita
306 1417 446 1481 errantes
482 1414 733 1492 emendaramut,
769 1415 805 1479 ut
835 1415 955 1480 laetum
989 1433 1097 1480 eorum
1130 1413 1285 1480 medicina

113 1519 246 1596 uocaset,
279 1536 378 1600 poena
410 1536 473 1582 non
507 1517 598 1582 esset.
635 1518 794 1582 iusserunt
822 1517 977 1600 siquidem
1006 1518 1039 1582 at
1068 1513 1352 1600 compulerunttl‘l?

150 1640 263 1686 omnes
297 1621 336 1686 ad
370 1621 550 1686 maritalem
584 1624 693 1686 torum·
721 1621 857 1686 transire
891 1622 1081 1700 meretrices,
1115 1623 1217 1687 morta
1249 1621 1284 1686 in

150 1724 286 1790 conubia
319 1726 494 1803 uerterunt,
528 1724 696 1809 implentes
726 1725 846 1790 scilieet
876 1725 1008 1808 apostoli
1038 1725 1160 1789 dictum
1190 1727 1284 1806 atque

149 1829 351 1905 mandatnm,
380 1829 418 1892 ut
447 1831 478 1892 et
500 1845 702 1910 unaquaequo
724 1828 837 1894 mulier
860 1829 964 1892 uirum
987 1829 1115 1894 haberat
1137 1845 1230 1893 suum
1252 1829 1285 1892 et

149 1933 368 2014 unnsquisque
396 1929 446 1995 nir
477 1931 641 2014 coniugam
670 1949 774 2009 suam3
809 1931 847 1995 ut
874 1931 949 2013 qnia
978 1930 1117 1997 cobiberi
1151 1931 1284 1997 inconti-

115 2033 260 2102 1⁵nentia
292 2037 360 2100 sine
394 2034 454 2100 hac
487 2033 621 2100 annalis
655 2051 729 2099 usus
763 2034 966 2115 permissione
1001 2054 1062 2100 non
1093 2039 1207 2121 posset,
1240 2037 1285 2102 ita

149 2139 335 2220 legitimum
363 2155 455 2203 usum
484 2139 569 2203 calor
600 2137 769 2220 corporalia
797 2139 958 2220 acciperet,
989 2139 1027 2203 ut
1047 2140 1212 2222 peccatum
1233 2139 1285 2203 in-

150 2240 346 2306 continentia
369 2261 430 2308 non
453 2241 593 2308 haberat
625 2241 662 2306 'in
684 2259 744 2324 quo
773 2242 902 2324 quidam
924 2260 985 2307 non
1008 2242 1041 2307 id
1064 2243 1284 2308 tantummodo
1294 2240 1336 2307 98

148 2344 314 2428 prouisum
337 2345 393 2422 est,
417 2345 453 2409 ut
476 2344 560 2410 uiros
584 2344 718 2410 feminac
739 2344 901 2427 haberant,
925 2363 1004 2426 quaa
1027 2345 1093 2411 sine
1116 2344 1193 2410 uiris
1216 2363 1284 2410 esse

149 2466 215 2514 uon
238 2453 374 2530 possent,
397 2448 453 2514 sed
476 2449 573 2514 etiam
594 2451 632 2514 ut
653 2467 708 2533 par
730 2448 959 2514 conseruatorea
975 2448 1162 2516 domesticos
1178 2451 1283 2514 saluae
1346 2475 1351 2486 ·

114 2554 267 2634 orassent,
291 2569 368 2633 quae
391 2569 424 2618 se
446 2551 532 2634 ipses
561 2569 686 2618 seruare
708 2551 873 2631 nescirent,
904 2554 937 2617 ot
960 2550 1144 2618 adhaerente
1166 2551 1210 2616 eis
1234 2552 1283 2616 iu-

145 2655 238 2738 giter
258 2653 467 2738 gubernaculo
495 2655 644 2735 maritali,
673 2641 798 2722 etiamsi
822 2656 1062 2737 adimprobum
1084 2673 1137 2722 eas
1159 2655 1284 2722 facinus
1305 2730 1307 2736 ,

151 2757 345 2823 consuetudo
369 2759 551 2824 anteactae
574 2760 767 2842 impuritatis
796 2761 950 2841 inliceret,
981 2759 1154 2843 coniugalis
1176 2761 1285 2825 tamen

150 2860 295 2926 custodia
317 2861 357 2926 ab
380 2861 584 2946 improbitate
605 2862 795 2944 prohiberet.
824 2862 1013 2930 addiderunt
1035 2880 1155 2946 quoque
1171 2862 1230 2927 boc
1243 2861 1335 2940 ad99

148 2961 319 3028 libidinem
351 2965 625 3048 comprimendam,
662 2983 785 3032 seueras
813 2965 981 3048 pudicitiae
1010 2965 1195 3044 sanctiones,
1229 2966 1284 3030 de·

114 3093 139 3134 aa
151 3067 311 3132 craterum
334 3066 439 3150 gladio
460 3067 695 3159 impudicitiam
712 3067 903 3148 ,coercentes
927 3069 963 3133 ut
975 3068 1147 3150 puritatem
1162 3067 1283 3132 scilicet

149 3169 318 3251 utriusque
350 3187 439 3234 sarus
473 3173 505 3234 at
540 3170 624 3236 domi
656 3171 780 3236 conubii
812 3175 988 3237 reseruaret
1021 3169 1150 3236 affectus
1185 3173 1216 3235 at
1250 3169 1284 3234 in

258 3332 291 3386 12
314 3332 407 3390 IOor.
430 3333 454 3399 7,
473 3334 489 3386 2

208 3479 222 3530 1
242 3475 275 3530 ad
291 3491 313 3532 s.
331 3493 382 3532 scr.
400 3479 414 3530 t
430 3495 465 3532 m.
484 3480 505 3532 2
524 3478 551 3531 A
654 3479 671 3533 3
694 3478 795 3548 ablata]
814 3479 1002 3534 emendatione
1020 3479 1127 3532 sublata
1145 3480 1286 3548 proposita

151 3561 220 3618 olim
244 3561 393 3618 scs-Ber.
407 3579 438 3632 p.
457 3567 492 3619 29
515 3581 583 3633 opos
606 3581 665 3620 acra
687 3579 743 3620 ease
766 3565 864 3620 docem
885 3565 939 3620 loct
959 3565 1054 3634 quake
1071 3571 1137 3619 sont
1155 3565 1243 3618 1112
1260 3567 1286 3620 et

152 3648 238 3704 1111
253 3651 288 3704 74
304 3649 351 3704 aot
362 3649 455 3704 eodem
465 3649 545 3705 modo
556 3651 640 3706 uerba
656 3651 752 3706 tollere
769 3657 796 3706 et
812 3651 917 3706 anferre
933 3667 962 3708 aa
976 3652 1118 3720 accipiebat
1145 3679 1148 3686 ι
1212 3653 1230 3706 5
1247 3651 1285 3706 sio

151 3736 316 3807 pudicitiam
333 3737 361 3790 Β
465 3738 496 3793 11
521 3738 632 3793 thorum
649 3739 677 3792 Β
781 3739 814 3794 13
832 3742 859 3794 at
876 3741 908 3793 ut
926 3739 953 3793 Β
1056 3741 1088 3793 15
1112 3739 1286 3807 permissione

152 3823 224 3878 cond.
238 3839 268 3891 p.
288 3827 348 3888 188,
367 3827 405 3878 17
421 3825 581 3880 Hortelios:
608 3827 787 3894 permixtione
804 3827 860 3880 AB
868 3827 998 3882 Halmius
1088 3825 1172 3894 possit
1189 3825 1217 3878 A

153 3909 188 3964 17
206 3909 314 3977 quidam
333 3909 360 3964 B
375 3911 407 3964 tre
421 3927 507 3981 marp.
613 3911 644 3964 19
670 3913 775 3980 possint
797 3912 824 3965 A
926 3911 962 3966 20
983 3911 1143 3966 adhaerente
1166 3912 1213 3980 ais]
1240 3909 1286 3964 ad·

152 3994 295 4048 haerentes
312 3995 342 4049 Β
431 3996 463 4050 21
481 3995 653 4050 tabernaculo
670 3997 699 4050 Β
789 3997 824 4050 22
841 3999 903 4052 anta
920 3997 1007 4052 factae
1025 3998 1053 4051 Β
1144 3997 1285 4066 231110111-

154 4079 250 4135 beraut
267 4081 295 4135 Β
386 4080 421 4136 26
438 4081 565 4136 connubii
581 4083 613 4136 in
627 4101 647 4138 o
665 4100 698 4138 ec
717 4084 848 4138 connubio
866 4084 1148 4140 ceremoniarum:
1171 4083 1284 4138 conubio

153 4167 210 4221 AB
239 4167 413 4221 cenobiorum
433 4170 570 4238 proposui
593 4169 748 4224 Sita-Ber.
768 4186 796 4239 p.
820 4173 859 4224 29
882 4176 920 4234 (a.
945 4186 1033 4238 stupro
1056 4172 1139 4224 ea12
1161 4168 1285 4236 conubia)

154 4253 331 4309 conubiornm
349 4257 469 4309 seruarat
486 4262 554 4322 (pro
571 4258 730 4320 resonuerat)
752 4256 910 4324 suspicabor
927 4255 1074 4310 Hartelteca
1177 4255 1286 4310 affectus

150 4345 264 4408 praeter
281 4340 309 4394 Β
327 4341 408 4394 etiam
425 4341 453 4394 A
470 4340 558 4410 lactet,
576 4356 633 4396 nora
650 4341 759 4395 effectus
776 4347 809 4396 ret
825 4342 903 4410 apud
919 4342 1064 4396 Halmium
