3096 5018
269 371 333 435 286
761 366 916 422 Saluiani

272 556 447 622 deleutabat
481 557 563 639 quod
598 557 687 620 heres
716 575 789 620 suus
817 555 896 621 bene
925 557 1110 640 epulabatur
1143 575 1236 640 quam
1264 557 1402 642 angebat

270 663 350 742 quod
372 661 438 741 ipse
462 661 544 724 male
570 659 777 735 eruoiabatur,
801 676 863 724 non
878 660 1004 723 tantum
1023 658 1197 726 delectabat
1212 663 1292 742 quod
1309 661 1401 726 heres

270 781 344 827 snus
368 763 400 827 in
424 762 586 844 exquisitis
620 760 742 826 delioiis
774 761 911 826 alluebat
940 777 1035 843 quam
1066 764 1200 846 angebat
1230 765 1310 847 quod
1334 765 1401 846 ipse

269 865 472 930 intolerandis
506 862 633 948 ignibus
668 864 831 943 defluebat,
866 883 928 929 non
957 869 1084 931 tantum
1113 866 1288 932 delectabat
1316 868 1401 949 quod

269 969 360 1032 heres
384 985 458 1032 suus
479 968 628 1049 pascebat
650 967 805 1048 parasitos
829 968 860 1032 et
874 968 1034 1032 helluones
1052 969 1149 1051 copiis
1166 971 1229 1036 suis
1246 972 1401 1051 quantum
1427 995 1439 1033 1

218 1071 260 1137 52
269 1070 406 1155 angebat
435 1069 515 1153 quod
544 1072 610 1152 ipse
638 1071 785 1152 pascebat
808 1071 951 1135 flammas
973 1071 1121 1136 medullis
1145 1073 1219 1136 suis.
1257 1073 1290 1136 et
1311 1075 1400 1155 puto,

270 1174 298 1238 si
321 1175 389 1257 quis
412 1174 440 1238 ei
463 1175 539 1238 tuno
562 1174 698 1258 optionis
727 1174 845 1258 copiam
875 1175 1096 1256 praestitisset,
1120 1178 1266 1240 utrumne
1289 1174 1402 1240 mallet

271 1277 384 1342 diuites
412 1277 541 1343 heredes
571 1295 642 1341 suos
673 1296 739 1342 esse
761 1297 800 1342 an
823 1296 855 1342 se
878 1278 912 1342 in
934 1278 1065 1342 miseriis
1088 1278 1314 1360 tormentisque
1338 1295 1401 1342 non

271 1399 347 1464 esse,
371 1379 512 1444 uoluerat
533 1379 669 1463 profesto
693 1380 765 1444 illos
788 1380 934 1445 omnibus
957 1380 1046 1445 bonis
1068 1381 1207 1459 alienari,
1231 1381 1399 1446 dummodo

269 1482 323 1548 ille
345 1484 451 1564 posset
473 1484 567 1548 malis
587 1483 732 1548 omnibus
756 1484 889 1561 liberari,
913 1484 1057 1548 uoluerat
1072 1484 1183 1548 offerre
1199 1484 1304 1550 omnia
1319 1501 1439 1566 quaero

269 1589 459 1669 possederat,
482 1585 648 1652 dummodo
672 1587 817 1652 euaderet
840 1606 917 1671 quae
940 1589 1125 1670 perferebat,
1149 1587 1291 1652 uoluerat
1307 1605 1402 1651 onno-

270 1695 335 1756 tam
364 1690 453 1754 illam
476 1691 689 1755 substantiam
712 1707 805 1773 quam
832 1690 986 1755 habuerat
1009 1693 1041 1754 et
1064 1690 1250 1773 temporales
1274 1689 1400 1774 argenti

271 1797 301 1857 et
324 1796 391 1858 auri
421 1793 583 1857 thesauros
614 1811 668 1874 pro
693 1813 725 1857 se
749 1794 831 1871 dare,
863 1796 899 1856 ut
921 1793 1010 1876 iuges
1034 1793 1258 1875 suppliciorum
1282 1795 1401 1857 inmor-

270 1897 383 1961 talium
414 1914 518 1960 oruoes
548 1897 579 1959 et
607 1914 740 1977 perenne
769 1896 848 1960 illud
876 1896 1054 1961 incendium
1076 1895 1260 1978 superiecta,
1289 1895 1400 1977 siquo

270 1999 361 2063 modo
389 2000 502 2080 posset,
533 1998 717 2064 diuitiarum
746 2017 873 2063 suarum
901 2000 982 2064 mole
1011 2000 1221 2083 restingueret
1251 2003 1281 2063 et
1304 2018 1436 2067 erun-1⁶

271 2103 381 2167 dantes
403 2103 525 2186 ignium
549 2103 656 2186 globos
679 2103 823 2184 opposita
844 2102 1020 2184 ingentium
1037 2101 1225 2168 faoultatum
1247 2101 1399 2166 inmensi-

218 2208 337 2273 tanate
360 2204 546 2287 prohiberet.
586 2205 714 2289 etquid
737 2207 838 2270 diuam
860 2205 996 2270 uoluisse
1012 2225 1092 2284 eum,
1116 2208 1152 2269 ut
1169 2203 1401 2270 interminabile

270 2308 348 2376 illud
379 2310 497 2374 malum
528 2309 696 2374 redimeret
726 2311 930 2376 facultatibus
960 2311 1047 2374 suis?
1078 2310 1149 2392 plus
1173 2308 1239 2374 dieo
1261 2307 1399 2390 aliquid:

270 2413 410 2476 uoluerat
433 2429 556 2475 omnem
581 2411 791 2476 substantiam
813 2429 903 2475 suam
934 2413 1067 2489 tradere,
1100 2413 1135 2474 ut
1157 2411 1261 2492 posset
1283 2409 1344 2474 sibi
1367 2410 1401 2474 in

269 2514 406 2580 flammis
431 2515 509 2579 situs
528 2515 620 2578 unius
636 2513 743 2579 saltim
757 2513 851 2579 borae
867 2514 1006 2595 requiem
1023 2531 1194 2595 conparare.
1219 2513 1436 2582 desideransso

271 2617 355 2682 enim
377 2618 416 2684 ad
438 2616 629 2698 mitigandas
658 2617 797 2682 fannium
818 2617 963 2682 flammas
986 2616 1038 2680 uel
1061 2617 1196 2681 tinctum
1220 2634 1300 2698 aqua
1321 2634 1399 2699 pau-

269 2721 350 2802 peris
374 2719 507 2804 digitum
530 2721 683 2801 quomodo
706 2738 768 2784 non
785 2720 980 2802 quantohbet
995 2721 1095 2802 pretio
1110 2720 1243 2785 mereari
1258 2720 1399 2801 requiem

270 2824 523 2906 praeoptauerat,
561 2824 615 2904 qui
652 2841 785 2904 paruam
821 2823 977 2906 refrigerii
1014 2827 1140 2904 guttam
1177 2827 1244 2888 tam
1284 2839 1398 2906 magno

218 2926 393 2994 54ambitu
425 2925 628 3007 postulabat?
666 2929 720 2992 sed
756 2927 820 2990 iam
850 2929 912 2992 ista
941 2926 1015 3008 quid
1045 2926 1210 3009 proderant
1239 2927 1294 2991 aut
1324 2926 1399 3009 quid

270 3029 398 3095 iuuabat
420 3029 569 3094 miserum
594 3029 673 3111 quod
695 3031 771 3094 tuno
794 3049 849 3111 pro
873 3049 905 3094 se
928 3029 1037 3094 offerre
1060 3030 1163 3094 omnia
1185 3030 1319 3108 uolebat,
1345 3031 1436 3111 quiae

270 3135 352 3198 male
375 3133 448 3198 ante
470 3133 637 3198 noluerat?
660 3135 711 3198 uel
733 3133 808 3215 quid
831 3135 907 3198 tuno
929 3133 1076 3214 proderat
1092 3133 1174 3215 quod
1197 3134 1271 3198 dare
1287 3133 1399 3198 cuneta

271 3238 423 3322 cupiebat,
454 3256 532 3319 quae
562 3236 627 3301 iam
658 3237 814 3315 amiserat,
846 3239 899 3318 qui
928 3236 1008 3301 nihil
1030 3243 1105 3301 tuno
1128 3254 1183 3318 pro
1205 3255 1237 3300 se
1260 3237 1397 3312 dederat,

270 3339 391 3422 quando
422 3341 526 3404 omnia
555 3339 759 3421 possidebat?
797 3359 865 3404 sera
891 3339 1017 3421 quippe,
1049 3339 1086 3402 ut
1108 3339 1153 3403 ait
1175 3340 1210 3403 in
1233 3337 1397 3420 seripturis

269 3443 397 3524 spiritus
427 3445 563 3527 sanetus,
593 3461 663 3508 sera
692 3444 740 3506 est
763 3443 954 3524 paenitentia
984 3441 1186 3507 mortuorum.
1224 3439 1398 3524 quomodo?

321 3701 336 3754 1
360 3701 452 3770 qnam]
477 3703 608 3769 quantum
631 3699 671 3753 ed.
691 3699 829 3753 Boionius
933 3699 949 3750 2
973 3698 1048 3750 heres
1072 3699 1118 3762 (eto
1135 3696 1207 3750 heris
1226 3711 1295 3750 corr.
1314 3712 1348 3748 m.
1365 3697 1397 3762 2)

270 3787 324 3840 suis
347 3789 375 3841 A
478 3787 619 3840 3dilioiis
643 3786 758 3840 alluebat
781 3785 836 3838 AB
939 3783 1049 3839 5111111
1067 3799 1101 3837 ea
1118 3782 1190 3836 heris
1208 3784 1309 3837 iterum
1327 3796 1399 3835 corr.

268 3887 303 3927 m.
321 3874 341 3926 2
358 3873 386 3926 A
489 3874 589 3942 dputo
607 3888 641 3926 eoo
657 3875 724 3941 puta
742 3887 811 3928 eoru.
830 3873 900 3924 m.2
917 3872 944 3923 A
1049 3869 1082 3924 10
1099 3869 1184 3938 possit
1201 3870 1229 3922 A
1255 3871 1345 3937 posset
1363 3883 1398 3920 ex

268 3959 355 4024 poscit
372 3973 439 4014 corr.
457 3975 493 4014 m.
512 3951 533 4012 2
550 3959 619 4027 B(b)
725 3959 756 4011 11
776 3957 929 4026 possederat
947 3973 980 4010 ex
997 3955 1147 4024 possiderat
1166 3971 1233 4010 corr.
1251 3971 1285 4008 oa
1303 3957 1323 4008 2
1340 3953 1398 4006 AB

268 4043 413 4113 (possideat
429 4061 450 4098 s.
469 4061 522 4099 sor.
541 4061 555 4098 e
573 4050 599 4098 et
616 4063 630 4098 r
648 4045 673 4110 b)
780 4045 813 4099 lb
829 4043 915 4112 possit
932 4044 960 4097 A
986 4046 1076 4112 posset
1094 4059 1129 4096 eoo
1146 4042 1232 4110 possit
1249 4056 1317 4096 corr.
1330 4042 1398 4093 ru.2

267 4131 295 4185 B
387 4129 419 4183 19
437 4133 527 4198 posset
544 4131 571 4184 B
591 4135 617 4184 et
635 4146 704 4185 oorr.
722 4145 757 4184 ea
775 4129 861 4198 possit
878 4128 906 4181 A
998 4129 1032 4181 20
1049 4128 1144 4181 saltem
1163 4143 1198 4181 aa
1216 4127 1308 4180 saltim
1326 4141 1399 4182 corr.

267 4220 340 4271 m.2
362 4216 390 4269 A
493 4217 527 4270 22
553 4216 655 4284 praetio
681 4217 709 4269 A
813 4215 846 4268 at
873 4217 1012 4268 amisserat
1038 4216 1065 4266 A
1169 4213 1399 4280 2911111111

269 4307 313 4369 (uo
328 4307 427 4370 punct.
446 4308 471 4357 et
488 4317 509 4356 s.
527 4317 579 4356 sor.
598 4305 635 4370 m)
654 4303 680 4356 B
711 4301 844 4370 quomodo
863 4301 904 4356 ed.
922 4301 1059 4354 Batonius
