3068 5012
475 429 515 484 ad
533 431 710 485 ecelesiam
733 432 910 497 lete-61.
1196 433 1259 500 243

11 627 12 652 ³
125 641 182 686 nes
220 620 369 688 barbaras
398 619 615 705 indigentibus
643 622 731 704 quasi
760 615 903 687 nummos
931 622 1004 686 dare
1033 625 1088 688 aut
1119 622 1153 686 in
1182 640 1259 704 pau·

121 743 238 810 perum
267 725 364 808 stipes
393 723 507 790 diffusa
529 723 619 807 longe
643 743 679 790 ao
701 726 766 790 late
788 743 885 808 regna
903 729 1094 790 oonaertere.
1132 729 1164 788 et
1191 725 1260 790 ideo

123 817 594 911 propheta‘peooata'inquit
616 819 696 893 ‘tus
717 828 756 892 in
780 829 1067 894 misericordiis
1090 824 1259 908 redime,

123 934 184 998 hoe
208 932 272 997 este
297 947 409 998 aurum
432 932 471 997 da
492 932 713 1015 indigentibus,
737 933 810 1016 quia
832 925 894 998 no'n
915 925 1004 1015 potes
1017 949 1148 1017 regnum
1164 931 1259 998 dare:

100 1033 311 1101 esaonltetern
334 1035 499 1113 distribue,
522 1035 596 1118 quia
617 1037 806 1121 potestatem
829 1055 892 1103 non
908 1038 993 1102 nalee
1015 1053 1196 1120 prorogare:
1220 1053 1257 1101 ae

123 1157 181 1220 per
209 1138 267 1202 lroo
299 1138 440 1204 uidetur
454 1139 591 1218 iussisse,
626 1140 663 1206 ut
691 1142 795 1206 totum
824 1144 924 1219 daret,
959 1159 1051 1223 quem
1074 1140 1131 1204 hoo
1154 1139 1259 1204 solnm

122 1261 186 1308 non
208 1243 303 1308 iussit
326 1242 522 1324 distribuere,
547 1244 629 1326 quod
652 1261 713 1309 non
735 1247 858 1326 peterat
881 1261 1017 1326 erogare.

167 1361 241 1427 XII.
273 1361 506 1448 Exaggera'mus
528 1363 608 1428 ferte
624 1381 691 1428 rem
706 1364 809 1430 uerbis
826 1368 857 1429 et
872 1365 974 1430 nimis¹
984 1363 1046 1429 alte
1063 1363 1257 1429 attollimus:
1269 1369 1311 1435 59
1375 1441 1378 1450 ,

123 1465 289 1531 uideamus
312 1485 384 1550 ergo
405 1467 438 1532 id
461 1468 564 1551 ipsum
588 1467 678 1550 quale
703 1467 754 1532 sit.
785 1471 963 1551 peooata,
987 1469 1104 1549 inquit,
1129 1469 1196 1531 tua
1218 1466 1259 1530 in

88 1568 416 1634 remiserioordiis
439 1567 595 1634 redime.
634 1569 708 1652 quid
732 1571 779 1634 est
802 1570 907 1654 aliqua
929 1571 1104 1634 redimere?
1138 1573 1257 1652 opinor,

123 1673 263 1754 pretium
285 1691 389 1738 rerum
411 1691 489 1756 quae
512 1671 711 1738 redimuntur
735 1674 816 1738 dare.
848 1690 910 1738 nen
933 1691 1046 1756 quaero
1069 1691 1147 1755 quae
1170 1673 1256 1738 illius

123 1775 208 1859 regis
219 1778 359 1866 'peecata
382 1776 515 1842 fuerint:
537 1779 605 1862 ipse
628 1779 708 1842 solat
723 1777 833 1859 quanti
849 1776 991 1843 debuerit
1009 1777 1161 1842 redimere
1176 1795 1256 1859 quae

123 1877 221 1970 feeit„
248 1883 279 1944 te
308 1879 466 1962 adloquor,
496 1882 583 1945 ouius
606 1897 701 1944 eausa
724 1883 781 1962 est,
814 1883 848 1944 te
871 1879 1012 1963 appelle,
1035 1880 1122 1944 ouius
1145 1879 1260 1945 ‹liseri-

120 2001 198 2047 men
227 1981 342 2067 agitur.
380 1983 438 2048 hoe
460 1983 564 2062 facito,
595 1979 676 2067 qnod
702 1983 856 2066 propheta
878 1982 974 2048 dixit:
1006 1987 1170 2067 peecata
1192 1985 1261 2048 tua

11 2125 12 2130 κ
90 2085 165 2150 uin
200 2085 494 2174 miserie'ordiis
528 2087 686 2152 redime.
735 2087 799 2152 noli
834 2090 959 2152 tantum
994 2087 1051 2151 deo
1086 2087 1260 2169 relinquere

123 2189 280 2272 quantum
310 2189 414 2267 habes,
447 2193 473 2255 si
500 2207 555 2273 pro
586 2190 722 2272 peooatis
753 2190 816 2254 tuis
847 2192 1057 2254 necessarium
1081 2208 1143 2253 non
1166 2192 1259 2272 putas

124 2297 281 2377 quantum
302 2295 407 2362 habes.
445 2297 577 2360 aestima
600 2293 841 2378 diligentissime
865 2293 972 2374 culpas
997 2309 1072 2375 qnos
1092 2292 1313 2368 admisissem

124 2397 261 2464 aestima
294 2402 492 2479 peecatorum
527 2397 745 2464 diuersitates:
782 2396 853 2461 uide
887 2394 962 2478 quid
995 2413 1050 2482 pro
1084 2395 1257 2462 mendaoiis

125 2503 238 2567 debeas
272 2501 345 2582 quid
376 2517 430 2582 pro
460 2500 637 2565 maledictis
667 2503 760 2580 atque
789 2498 944 2581 periuriis,
979 2496 1053 2581 quid
1075 2516 1129 2582 pro
1153 2499 1260 2583 negle-

91 2604 244 2689 rogentiis
269 2605 495 2689 rogitationum
519 2605 594 2688 quid
615 2620 670 2687 pro
694 2603 864 2687 inpunitate
887 2621 1076 2684 sermonum,
1106 2603 1179 2686 quid
1204 2622 1260 2688 pro

125 2710 214 2773 omni
236 2707 368 2790 denique
391 2707 494 2772 malae
517 2707 691 2773 uoluntatis
714 2705 835 2772 affectu.
874 2705 952 2771 adde
973 2711 1128 2788 postremo
1152 2707 1259 2791 etiam,

124 2813 151 2876 si
180 2812 288 2895 aliqua
317 2812 354 2876 de
383 2811 431 2875 his
464 2811 549 2875 intra
582 2809 803 2876 oon'soientiam
837 2813 925 2875 tuam
958 2813 1042 2888 sunt,
1077 2811 1116 2875 de
1148 2811 1261 2894 quibus

12 2905 14 2918 ’
125 2911 394 2999 apostolurum,
425 2913 578 2979 adulteria
601 2911 831 2991 fornicationes,
846 2912 1059 2996 ‘inpudicitiae
1082 2915 1261 2993 ebrietates,

124 3017 320 3083 inmunditia
342 3021 397 3083 deo
421 3035 512 3082 exosa
535 3018 669 3081 auaritia
696 3016 859 3081 idolatriae
882 3016 1009 3094 famula,
1040 3017 1161 3100 etpost
1186 3017 1262 3083 haee

92 3121 235 3204 salique
268 3121 348 3186 forte
382 3119 516 3186 erimina
550 3121 644 3186 etiam
678 3121 715 3184 de
748 3121 876 3184 humani
914 3119 1076 3203 sanguinis
1111 3121 1261 3186 effusione

126 3227 296 3290 eontracta.
337 3242 469 3308 eumque
500 3225 641 3290 omnium
670 3223 886 3308 supputaneris
917 3227 1090 3308 numerum,
1122 3226 1259 3307 expende
1270 3223 1311 3290 61

125 3329 230 3412 pretia
257 3329 461 3411 singulorum.
501 3328 624 3410 etpost
652 3328 728 3392 haee
757 3346 817 3392 non
841 3345 962 3409 quaero,
993 3330 1027 3392 ut
1049 3344 1103 3410 pro
1127 3329 1261 3410 peccatis

125 3430 190 3495 tuis
221 3433 324 3497 totum
353 3432 408 3497 deo
438 3431 546 3498 tradas
577 3433 659 3513 qnod
680 3429 817 3496 babesz'
838 3431 896 3495 hoo
925 3431 1027 3496 solnm
1056 3432 1149 3497 redde
1179 3433 1261 3514 qnod

127 3536 231 3601 debes.
271 3536 349 3601 adde
383 3537 489 3600 autem
522 3539 593 3619 post
621 3535 682 3600 ista
711 3535 826 3613 omnia,
860 3535 941 3617 quod
970 3550 1040 3600 oum
1073 3535 1261 3600 traotnueris

92 3639 245 3704 sedeliota
267 3642 323 3703 tna
346 3641 439 3721 atque
461 3639 628 3722 tenereris,
651 3643 738 3704 tanto
761 3640 831 3730 plus
847 3656 901 3722 pro
924 3639 1015 3704 malis
1039 3639 1103 3704 tuis
1120 3639 1255 3716 debebis,

233 3799 267 3853 23
290 3798 384 3854 oete
423 3879 427 3886 ι

180 3945 366 4001 5di‘stribuae
383 3948 411 4002 Β
429 3953 456 4001 et
470 3953 565 4016 parca
585 3948 646 4002 aA
731 3961 872 4016 prerogare
891 3963 924 4001 aa
941 3962 1085 4017 prorogare
1105 3961 1175 4002 corr.
1193 3963 1220 4001 m
1241 3948 1262 4000 2

128 4033 156 4087 A
268 4033 286 4087 8
313 4038 504 4104 exaggeremus
531 4034 559 4088 Β
662 4035 689 4087 et
716 4049 764 4088 om.
793 4033 820 4088 B
930 4034 1011 4086 nimis
1041 4033 1096 4087 alte
1123 4035 1151 4086 A
1175 4032 1262 4102 (quod

128 4119 274 4172 Halmium
284 4119 384 4189 fagit:
403 4119 458 4174 alte
469 4120 550 4174 nimis
569 4119 598 4173 Β
679 4119 709 4174 11
728 4121 862 4188 praetium
880 4120 907 4173 A
918 4121 983 4174 item
994 4125 1018 4184 9.
1033 4123 1067 4173 61
1087 4119 1193 4188 praetia

130 4203 163 4258 13
181 4203 268 4273 apelle
287 4203 315 4259 Β
414 4205 445 4260 17
464 4195 614 4260 aestima·
622 4206 758 4261 admisisti
775 4221 809 4258 m.
828 4207 848 4259 2
865 4206 898 4259 tn
915 4221 998 4275 marg.
1018 4205 1046 4259 Β
1146 4205 1178 4258 18
1196 4204 1263 4274 quid

16 4301 17 4350 l
128 4289 494 4357 eenamcenam
598 4291 632 4345 21
661 4291 732 4345 male
758 4291 784 4344 A
889 4291 924 4345 24
948 4289 1139 4344 inmundieitia·
1164 4291 1192 4345 Β

127 4374 163 4428 27
182 4377 284 4444 praetia
303 4377 330 4431 A
434 4377 469 4432 30
486 4377 560 4433 debis
578 4378 606 4431 Β
624 4384 650 4433 et
667 4393 735 4433 corr.
753 4394 787 4431 m.
805 4381 823 4433 2
851 4375 960 4430 debebis
977 4377 1005 4431 A

1105 4478 1159 4534 16*
