<?xml version="1.0" encoding="UTF-8"?>
<!DOCTYPE html PUBLIC "-//W3C//DTD XHTML 1.0 Transitional//EN"
    "http://www.w3.org/TR/xhtml1/DTD/xhtml1-transitional.dtd">
<html xmlns="http://www.w3.org/1999/xhtml" xml:lang="en" lang="en">
 <head>
  <title>
</title>
<meta http-equiv="Content-Type" content="text/html;charset=utf-8" />
  <meta name='ocr-system' content='tesseract 3.04.00' />
  <meta name='ocr-capabilities' content='ocr_page ocr_carea ocr_par ocr_line ocrx_word'/>
</head>
<body>
  <div class='ocr_page' id='page_1' title='image "./corpusscriptoru14wissgoog_0270.png"; bbox 0 0 3068 5012; ppageno 0'>
   <div class='ocr_carea' id='block_1_1' title="bbox 555 412 1251 484">
    <p class='ocr_par' dir='ltr' id='par_1_1' title="bbox 555 412 1251 484">
     <span class='ocr_line' id='line_1_1' title="bbox 555 412 1251 484; baseline 0.006 -18"><span class='ocrx_word' id='word_1_1' title='bbox 555 413 705 482; x_wconf 80' lang='lat' dir='ltr'><strong>epistole</strong></span> <span class='ocrx_word' id='word_1_2' title='bbox 727 412 819 470; x_wconf 92' lang='lat' dir='ltr'>v1111.</span> <span class='ocrx_word' id='word_1_3' title='bbox 1187 418 1251 484; x_wconf 61' lang='grc' dir='ltr'>Μ</span> 
     </span>
    </p>
   </div>
   <div class='ocr_carea' id='block_1_2' title="bbox 84 602 1302 1927">
    <p class='ocr_par' dir='ltr' id='par_1_2' title="bbox 84 602 1302 1927">
     <span class='ocr_line' id='line_1_2' title="bbox 121 602 1302 685; baseline 0.007 -21"><span class='ocrx_word' id='word_1_4' title='bbox 121 602 283 683; x_wconf 86' lang='lat' dir='ltr'><strong>seripsisse</strong></span> <span class='ocrx_word' id='word_1_5' title='bbox 315 602 444 682; x_wconf 83' lang='lat' dir='ltr'><strong>dieitur,</strong></span> <span class='ocrx_word' id='word_1_6' title='bbox 479 621 654 685; x_wconf 87' lang='lat' dir='ltr'><strong>perquem</strong></span> <span class='ocrx_word' id='word_1_7' title='bbox 682 603 802 668; x_wconf 80' lang='lat' dir='ltr'><strong>foetum</strong></span> <span class='ocrx_word' id='word_1_8' title='bbox 829 604 936 668; x_wconf 90' lang='lat' dir='ltr'><strong>estut</strong></span> <span class='ocrx_word' id='word_1_9' title='bbox 959 604 1155 670; x_wconf 87' lang='lat' dir='ltr'><strong>seriberetur.</strong></span> <span class='ocrx_word' id='word_1_10' title='bbox 1191 604 1302 672; x_wconf 74' lang='lat' dir='ltr'><strong>oaoeo</strong></span> 
     </span>
     <span class='ocr_line' id='line_1_3' title="bbox 120 705 1248 790; baseline 0.002 -19"><span class='ocrx_word' id='word_1_11' title='bbox 120 723 215 771; x_wconf 83' lang='lat' dir='ltr'><strong>oense</strong></span> <span class='ocrx_word' id='word_1_12' title='bbox 237 707 335 790; x_wconf 82' lang='lat' dir='ltr'><strong>igitur</strong></span> <span class='ocrx_word' id='word_1_13' title='bbox 356 705 388 771; x_wconf 89' lang='lat' dir='ltr'><strong>in</strong></span> <span class='ocrx_word' id='word_1_14' title='bbox 416 706 511 771; x_wconf 89' lang='lat' dir='ltr'><strong>titulo</strong></span> <span class='ocrx_word' id='word_1_15' title='bbox 540 706 719 772; x_wconf 84' lang='lat' dir='ltr'>libellorum</span> <span class='ocrx_word' id='word_1_16' title='bbox 741 706 898 772; x_wconf 78' lang='lat' dir='ltr'>Timothei</span> <span class='ocrx_word' id='word_1_17' title='bbox 920 723 1034 771; x_wconf 89' lang='lat' dir='ltr'><strong>nomen</strong></span> <span class='ocrx_word' id='word_1_18' title='bbox 1061 708 1248 790; x_wconf 85' lang='lat' dir='ltr'><strong>inscriptum</strong></span> 
     </span>
     <span class='ocr_line' id='line_1_4' title="bbox 119 809 1248 893; baseline 0 -19"><span class='ocrx_word' id='word_1_19' title='bbox 119 813 177 874; x_wconf 87' lang='lat' dir='ltr'><strong>est.</strong></span> <span class='ocrx_word' id='word_1_20' title='bbox 214 827 386 892; x_wconf 73' lang='lat' dir='ltr'><strong>congruum</strong></span> <span class='ocrx_word' id='word_1_21' title='bbox 414 809 570 892; x_wconf 87' lang='lat' dir='ltr'><strong>siquidem</strong></span> <span class='ocrx_word' id='word_1_22' title='bbox 598 812 732 893; x_wconf 80' lang='lat' dir='ltr'><strong>scriptor</strong></span> <span class='ocrx_word' id='word_1_23' title='bbox 755 810 809 875; x_wconf 89' lang='lat' dir='ltr'><strong>ille</strong></span> <span class='ocrx_word' id='word_1_24' title='bbox 831 810 1031 885; x_wconf 85' lang='lat' dir='ltr'><strong>existimauit,</strong></span> <span class='ocrx_word' id='word_1_25' title='bbox 1061 814 1096 875; x_wconf 86' lang='lat' dir='ltr'><strong>ut</strong></span> <span class='ocrx_word' id='word_1_26' title='bbox 1120 828 1192 874; x_wconf 89' lang='lat' dir='ltr'><strong>eum</strong></span> <span class='ocrx_word' id='word_1_27' title='bbox 1215 811 1248 874; x_wconf 82' lang='lat' dir='ltr'><strong>in</strong></span> 
     </span>
     <span class='ocr_line' id='line_1_5' title="bbox 118 912 1250 997; baseline 0.003 -22"><span class='ocrx_word' id='word_1_28' title='bbox 118 912 269 977; x_wconf 81' lang='lat' dir='ltr'><strong>honorem</strong></span> <span class='ocrx_word' id='word_1_29' title='bbox 292 913 343 977; x_wconf 90' lang='lat' dir='ltr'><strong>dei</strong></span> <span class='ocrx_word' id='word_1_30' title='bbox 365 912 489 978; x_wconf 85' lang='lat' dir='ltr'><strong>libellos</strong></span> <span class='ocrx_word' id='word_1_31' title='bbox 512 913 671 996; x_wconf 79' lang='lat' dir='ltr'>scriberet,</span> <span class='ocrx_word' id='word_1_32' title='bbox 702 916 763 997; x_wconf 91' lang='lat' dir='ltr'><strong>ipsi</strong></span> <span class='ocrx_word' id='word_1_33' title='bbox 784 914 959 979; x_wconf 77' lang='lat' dir='ltr'><strong>diuinitatis</strong></span> <span class='ocrx_word' id='word_1_34' title='bbox 981 914 1091 980; x_wconf 86' lang='lat' dir='ltr'><strong>honori</strong></span> <span class='ocrx_word' id='word_1_35' title='bbox 1114 914 1250 978; x_wconf 84' lang='lat' dir='ltr'><strong>titulum</strong></span> 
     </span>
     <span class='ocr_line' id='line_1_6' title="bbox 97 1016 1248 1099; baseline 0.003 -22"><span class='ocrx_word' id='word_1_36' title='bbox 97 1016 324 1083; x_wconf 77' lang='lat' dir='ltr'><strong>oeonseoreret.</strong></span> <span class='ocrx_word' id='word_1_37' title='bbox 362 1016 471 1095; x_wconf 83' lang='lat' dir='ltr'><strong>hebes,</strong></span> <span class='ocrx_word' id='word_1_38' title='bbox 501 1034 519 1080; x_wconf 95' lang='lat' dir='ltr'><strong>o</strong></span> <span class='ocrx_word' id='word_1_39' title='bbox 550 1018 594 1082; x_wconf 90' lang='lat' dir='ltr'><strong>mi</strong></span> <span class='ocrx_word' id='word_1_40' title='bbox 625 1016 748 1095; x_wconf 79' lang='lat' dir='ltr'><strong>Saloni,</strong></span> <span class='ocrx_word' id='word_1_41' title='bbox 779 1018 892 1083; x_wconf 74' lang='lat' dir='ltr'><strong>sorites</strong></span> <span class='ocrx_word' id='word_1_42' title='bbox 924 1035 1009 1094; x_wconf 81' lang='lat' dir='ltr'><strong>mee,</strong></span> <span class='ocrx_word' id='word_1_43' title='bbox 1040 1016 1135 1082; x_wconf 86' lang='lat' dir='ltr'><strong>hebes</strong></span> <span class='ocrx_word' id='word_1_44' title='bbox 1165 1017 1248 1099; x_wconf 88' lang='lat' dir='ltr'><strong>quod</strong></span> 
     </span>
     <span class='ocr_line' id='line_1_7' title="bbox 117 1119 1245 1208; baseline -0.002 -23"><span class='ocrx_word' id='word_1_45' title='bbox 117 1120 261 1201; x_wconf 78' lang='lat' dir='ltr'><strong>exegisti,</strong></span> <span class='ocrx_word' id='word_1_46' title='bbox 284 1119 404 1202; x_wconf 86' lang='lat' dir='ltr'><strong>inpleui</strong></span> <span class='ocrx_word' id='word_1_47' title='bbox 425 1138 502 1203; x_wconf 91' lang='lat' dir='ltr'><strong>opus</strong></span> <span class='ocrx_word' id='word_1_48' title='bbox 524 1120 665 1186; x_wconf 85' lang='lat' dir='ltr'><strong>muneris</strong></span> <span class='ocrx_word' id='word_1_49' title='bbox 687 1120 831 1208; x_wconf 86' lang='lat' dir='ltr'><strong>inperati.</strong></span> <span class='ocrx_word' id='word_1_50' title='bbox 862 1121 1003 1202; x_wconf 76' lang='lat' dir='ltr'><strong>superest</strong></span> <span class='ocrx_word' id='word_1_51' title='bbox 1026 1121 1070 1196; x_wconf 91' lang='lat' dir='ltr'><strong>ut,</strong></span> <span class='ocrx_word' id='word_1_52' title='bbox 1095 1121 1168 1202; x_wconf 87' lang='lat' dir='ltr'><strong>quio</strong></span> <span class='ocrx_word' id='word_1_53' title='bbox 1189 1137 1245 1202; x_wconf 84' lang='lat' dir='ltr'><strong>ego</strong></span> 
     </span>
     <span class='ocr_line' id='line_1_8' title="bbox 117 1221 1247 1306; baseline 0 -20"><span class='ocrx_word' id='word_1_54' title='bbox 117 1241 190 1287; x_wconf 88' lang='lat' dir='ltr'><strong>sum</strong></span> <span class='ocrx_word' id='word_1_55' title='bbox 217 1223 344 1288; x_wconf 81' lang='lat' dir='ltr'><strong>functus</strong></span> <span class='ocrx_word' id='word_1_56' title='bbox 373 1223 516 1306; x_wconf 84' lang='lat' dir='ltr'><strong>pertibus</strong></span> <span class='ocrx_word' id='word_1_57' title='bbox 539 1221 635 1302; x_wconf 87' lang='lat' dir='ltr'><strong>meis,</strong></span> <span class='ocrx_word' id='word_1_58' title='bbox 660 1224 693 1288; x_wconf 91' lang='lat' dir='ltr'><strong>et</strong></span> <span class='ocrx_word' id='word_1_59' title='bbox 714 1227 750 1289; x_wconf 87' lang='lat' dir='ltr'><strong>tu</strong></span> <span class='ocrx_word' id='word_1_60' title='bbox 772 1221 911 1306; x_wconf 78' lang='lat' dir='ltr'><strong>fungeris</strong></span> <span class='ocrx_word' id='word_1_61' title='bbox 933 1222 1015 1304; x_wconf 89' lang='lat' dir='ltr'><strong>tuis,</strong></span> <span class='ocrx_word' id='word_1_62' title='bbox 1038 1223 1071 1288; x_wconf 92' lang='lat' dir='ltr'><strong>id</strong></span> <span class='ocrx_word' id='word_1_63' title='bbox 1094 1226 1156 1304; x_wconf 86' lang='lat' dir='ltr'><strong>est,</strong></span> <span class='ocrx_word' id='word_1_64' title='bbox 1180 1239 1247 1287; x_wconf 89' lang='lat' dir='ltr'><strong>ores</strong></span> 
     </span>
     <span class='ocr_line' id='line_1_9' title="bbox 117 1324 1248 1408; baseline -0.001 -18"><span class='ocrx_word' id='word_1_65' title='bbox 117 1325 282 1390; x_wconf 87' lang='lat' dir='ltr'><strong>dominum</strong></span> <span class='ocrx_word' id='word_1_66' title='bbox 315 1327 408 1392; x_wconf 84' lang='lat' dir='ltr'><strong>deum</strong></span> <span class='ocrx_word' id='word_1_67' title='bbox 443 1328 584 1392; x_wconf 86' lang='lat' dir='ltr'><strong>nostrum</strong></span> <span class='ocrx_word' id='word_1_68' title='bbox 607 1329 640 1390; x_wconf 87' lang='lat' dir='ltr'><strong>et</strong></span> <span class='ocrx_word' id='word_1_69' title='bbox 670 1331 786 1394; x_wconf 87' lang='lat' dir='ltr'><strong>orendo</strong></span> <span class='ocrx_word' id='word_1_70' title='bbox 819 1327 969 1408; x_wconf 82' lang='lat' dir='ltr'><strong>inpetres,</strong></span> <span class='ocrx_word' id='word_1_71' title='bbox 1004 1329 1039 1392; x_wconf 89' lang='lat' dir='ltr'><strong>ut</strong></span> <span class='ocrx_word' id='word_1_72' title='bbox 1073 1325 1173 1392; x_wconf 88' lang='lat' dir='ltr'><strong>libelli</strong></span> <span class='ocrx_word' id='word_1_73' title='bbox 1208 1324 1248 1391; x_wconf 86' lang='lat' dir='ltr'><strong>ed</strong></span> 
     </span>
     <span class='ocr_line' id='line_1_10' title="bbox 117 1427 1248 1513; baseline -0.003 -19"><span class='ocrx_word' id='word_1_74' title='bbox 117 1429 284 1494; x_wconf 79' lang='lat' dir='ltr'><strong>ecelesiam</strong></span> <span class='ocrx_word' id='word_1_75' title='bbox 300 1428 418 1495; x_wconf 83' lang='lat' dir='ltr'><strong>Christi</strong></span> <span class='ocrx_word' id='word_1_76' title='bbox 440 1429 556 1495; x_wconf 90' lang='lat' dir='ltr'><strong>honore</strong></span> <span class='ocrx_word' id='word_1_77' title='bbox 572 1429 742 1512; x_wconf 88' lang='lat' dir='ltr'><strong>oonsoripti</strong></span> <span class='ocrx_word' id='word_1_78' title='bbox 756 1431 881 1494; x_wconf 84' lang='lat' dir='ltr'><strong>tentum</strong></span> <span class='ocrx_word' id='word_1_79' title='bbox 897 1430 978 1513; x_wconf 87' lang='lat' dir='ltr'><strong>epod</strong></span> <span class='ocrx_word' id='word_1_80' title='bbox 994 1431 1087 1495; x_wconf 86' lang='lat' dir='ltr'><strong>deum</strong></span> <span class='ocrx_word' id='word_1_81' title='bbox 1103 1427 1248 1511; x_wconf 76' lang='lat' dir='ltr'><strong>scriptori</strong></span> 
     </span>
     <span class='ocr_line' id='line_1_11' title="bbox 84 1532 1248 1616; baseline 0.001 -21"><span class='ocrx_word' id='word_1_82' title='bbox 84 1556 108 1595; x_wconf 83' lang='grc' dir='ltr'><strong>ιο</strong></span> <span class='ocrx_word' id='word_1_83' title='bbox 117 1548 173 1596; x_wconf 88' lang='lat' dir='ltr'><strong>suo</strong></span> <span class='ocrx_word' id='word_1_84' title='bbox 201 1532 333 1614; x_wconf 84' lang='lat' dir='ltr'><strong>prosint,</strong></span> <span class='ocrx_word' id='word_1_85' title='bbox 362 1536 514 1615; x_wconf 79' lang='lat' dir='ltr'><strong>quantum</strong></span> <span class='ocrx_word' id='word_1_86' title='bbox 546 1551 596 1599; x_wconf 91' lang='lat' dir='ltr'><strong>eos</strong></span> <span class='ocrx_word' id='word_1_87' title='bbox 624 1534 772 1614; x_wconf 87' lang='lat' dir='ltr'><strong>prodesse</strong></span> <span class='ocrx_word' id='word_1_88' title='bbox 800 1534 866 1616; x_wconf 88' lang='lat' dir='ltr'><strong>ipse</strong></span> <span class='ocrx_word' id='word_1_89' title='bbox 889 1533 1033 1599; x_wconf 87' lang='lat' dir='ltr'><strong>omnibus</strong></span> <span class='ocrx_word' id='word_1_90' title='bbox 1055 1533 1151 1614; x_wconf 88' lang='lat' dir='ltr'><strong>eupit.</strong></span> <span class='ocrx_word' id='word_1_91' title='bbox 1190 1550 1248 1598; x_wconf 87' lang='lat' dir='ltr'><strong>neo</strong></span> 
     </span>
     <span class='ocr_line' id='line_1_12' title="bbox 116 1634 1247 1719; baseline 0.001 -21"><span class='ocrx_word' id='word_1_92' title='bbox 116 1635 284 1718; x_wconf 87' lang='lat' dir='ltr'><strong>iniustum,</strong></span> <span class='ocrx_word' id='word_1_93' title='bbox 306 1639 392 1717; x_wconf 84' lang='lat' dir='ltr'><strong>puto,</strong></span> <span class='ocrx_word' id='word_1_94' title='bbox 416 1639 466 1700; x_wconf 88' lang='lat' dir='ltr'><strong>est</strong></span> <span class='ocrx_word' id='word_1_95' title='bbox 486 1635 685 1716; x_wconf 79' lang='lat' dir='ltr'><strong>desidorium,</strong></span> <span class='ocrx_word' id='word_1_96' title='bbox 709 1655 769 1719; x_wconf 89' lang='lat' dir='ltr'><strong>quo</strong></span> <span class='ocrx_word' id='word_1_97' title='bbox 792 1639 916 1702; x_wconf 77' lang='lat' dir='ltr'><strong>tantm</strong></span> <span class='ocrx_word' id='word_1_98' title='bbox 935 1636 997 1700; x_wconf 91' lang='lat' dir='ltr'><strong>sibi</strong></span> <span class='ocrx_word' id='word_1_99' title='bbox 1019 1634 1134 1718; x_wconf 84' lang='lat' dir='ltr'><strong>eliquis</strong></span> <span class='ocrx_word' id='word_1_100' title='bbox 1156 1653 1247 1718; x_wconf 83' lang='lat' dir='ltr'><strong>prae·</strong></span> 
     </span>
     <span class='ocr_line' id='line_1_13' title="bbox 117 1739 1246 1824; baseline -0.002 -20"><span class='ocrx_word' id='word_1_101' title='bbox 117 1741 196 1804; x_wconf 82' lang='lat' dir='ltr'><strong>stari</strong></span> <span class='ocrx_word' id='word_1_102' title='bbox 229 1740 368 1820; x_wconf 86' lang='lat' dir='ltr'><strong>postulet</strong></span> <span class='ocrx_word' id='word_1_103' title='bbox 400 1758 457 1821; x_wconf 92' lang='lat' dir='ltr'><strong>pro</strong></span> <span class='ocrx_word' id='word_1_104' title='bbox 489 1740 601 1815; x_wconf 81' lang='lat' dir='ltr'><strong>salute,</strong></span> <span class='ocrx_word' id='word_1_105' title='bbox 635 1743 788 1822; x_wconf 73' lang='lat' dir='ltr'><strong>quantum</strong></span> <span class='ocrx_word' id='word_1_106' title='bbox 822 1743 887 1824; x_wconf 91' lang='lat' dir='ltr'><strong>ipse</strong></span> <span class='ocrx_word' id='word_1_107' title='bbox 922 1743 1009 1823; x_wconf 83' lang='lat' dir='ltr'><strong>optet</strong></span> <span class='ocrx_word' id='word_1_108' title='bbox 1040 1739 1163 1804; x_wconf 86' lang='lat' dir='ltr'><strong>eunetis</strong></span> <span class='ocrx_word' id='word_1_109' title='bbox 1191 1756 1246 1821; x_wconf 90' lang='lat' dir='ltr'><strong>pro</strong></span> 
     </span>
     <span class='ocr_line' id='line_1_14' title="bbox 116 1841 1184 1927; baseline -0.001 -19"><span class='ocrx_word' id='word_1_110' title='bbox 116 1842 258 1909; x_wconf 80' lang='lat' dir='ltr'><strong>caritate.</strong></span> <span class='ocrx_word' id='word_1_111' title='bbox 296 1843 374 1922; x_wconf 85' lang='lat' dir='ltr'><strong>uelo,</strong></span> <span class='ocrx_word' id='word_1_112' title='bbox 397 1841 580 1927; x_wconf 79' lang='lat' dir='ltr'><strong>missioni,</strong></span> <span class='ocrx_word' id='word_1_113' title='bbox 603 1845 698 1909; x_wconf 72' lang='lat' dir='ltr'><strong>&lt;loeus</strong></span> <span class='ocrx_word' id='word_1_114' title='bbox 720 1848 860 1910; x_wconf 83' lang='lat' dir='ltr'><strong>nostrum</strong></span> <span class='ocrx_word' id='word_1_115' title='bbox 883 1845 977 1926; x_wconf 81' lang='lat' dir='ltr'><strong>etque</strong></span> <span class='ocrx_word' id='word_1_116' title='bbox 1000 1843 1184 1908; x_wconf 84' lang='lat' dir='ltr'><strong>subsidium.</strong></span> 
     </span>
    </p>
   </div>
   <div class='ocr_carea' id='block_1_3' title="bbox 116 2131 1249 2546">
    <p class='ocr_par' dir='ltr' id='par_1_3' title="bbox 116 2131 1249 2546">
     <span class='ocr_line' id='line_1_15' title="bbox 170 2131 1248 2188; baseline 0 -4"><span class='ocrx_word' id='word_1_117' title='bbox 170 2131 307 2185; x_wconf 82' lang='lat' dir='ltr'><strong>llectum</strong></span> <span class='ocrx_word' id='word_1_118' title='bbox 325 2147 360 2185; x_wconf 84' lang='lat' dir='ltr'><strong>eoo</strong></span> <span class='ocrx_word' id='word_1_119' title='bbox 377 2132 465 2186; x_wconf 80' lang='lat' dir='ltr'><strong>foetus</strong></span> <span class='ocrx_word' id='word_1_120' title='bbox 483 2132 511 2186; x_wconf 92' lang='grc' dir='ltr'><strong><em>Β</em></strong></span> <span class='ocrx_word' id='word_1_121' title='bbox 528 2147 598 2188; x_wconf 82' lang='lat' dir='ltr'><strong>corr.</strong></span> <span class='ocrx_word' id='word_1_122' title='bbox 616 2149 651 2187; x_wconf 87' lang='lat' dir='ltr'><strong>m.</strong></span> <span class='ocrx_word' id='word_1_123' title='bbox 670 2135 690 2188; x_wconf 84' lang='lat'><strong><em>2</em></strong></span> <span class='ocrx_word' id='word_1_124' title='bbox 707 2133 772 2188; x_wconf 79' lang='lat' dir='ltr'><strong>item</strong></span> <span class='ocrx_word' id='word_1_125' title='bbox 788 2133 882 2188; x_wconf 77' lang='lat' dir='ltr'><strong>statim</strong></span> <span class='ocrx_word' id='word_1_126' title='bbox 899 2132 948 2186; x_wconf 84' lang='lat' dir='ltr'><strong>hee</strong></span> <span class='ocrx_word' id='word_1_127' title='bbox 967 2148 1002 2187; x_wconf 84' lang='lat' dir='ltr'><strong>eoo</strong></span> <span class='ocrx_word' id='word_1_128' title='bbox 1019 2133 1083 2186; x_wconf 85' lang='lat' dir='ltr'><strong>heeo</strong></span> <span class='ocrx_word' id='word_1_129' title='bbox 1183 2131 1248 2184; x_wconf 68' lang='lat' dir='ltr'><strong>lin</strong></span> 
     </span>
     <span class='ocr_line' id='line_1_16' title="bbox 116 2207 1248 2288; baseline -0.001 -17"><span class='ocrx_word' id='word_1_130' title='bbox 116 2217 277 2286; x_wconf 79' lang='lat' dir='ltr'><strong>titulomp</strong></span> <span class='ocrx_word' id='word_1_131' title='bbox 379 2217 590 2288; x_wconf 68' lang='lat' dir='ltr'><strong>llibellump</strong></span> <span class='ocrx_word' id='word_1_132' title='bbox 692 2207 776 2274; x_wconf 87' lang='lat' dir='ltr'><strong>titulo</strong></span> <span class='ocrx_word' id='word_1_133' title='bbox 791 2219 819 2273; x_wconf 94' lang='grc' dir='ltr'><strong><em>Β</em></strong></span> <span class='ocrx_word' id='word_1_134' title='bbox 842 2219 908 2286; x_wconf 76' lang='lat' dir='ltr'><strong>sort.</strong></span> <span class='ocrx_word' id='word_1_135' title='bbox 925 2223 998 2273; x_wconf 80' lang='lat' dir='ltr'><strong>reete</strong></span> <span class='ocrx_word' id='word_1_136' title='bbox 1101 2217 1248 2273; x_wconf 83' lang='lat' dir='ltr'><strong>5kerites</strong></span> 
     </span>
     <span class='ocr_line' id='line_1_17' title="bbox 116 2303 1248 2374; baseline -0.003 -15"><span class='ocrx_word' id='word_1_137' title='bbox 116 2305 144 2359; x_wconf 91' lang='grc' dir='ltr'><strong><em>Β</em></strong></span> <span class='ocrx_word' id='word_1_138' title='bbox 258 2303 411 2358; x_wconf 72' lang='lat' dir='ltr'><strong>liunetoe</strong></span> <span class='ocrx_word' id='word_1_139' title='bbox 438 2320 543 2373; x_wconf 76' lang='lat' dir='ltr'><strong>sump</strong></span> <span class='ocrx_word' id='word_1_140' title='bbox 653 2304 731 2360; x_wconf 85' lang='lat' dir='ltr'><strong>hores</strong></span> <span class='ocrx_word' id='word_1_141' title='bbox 754 2311 851 2374; x_wconf 73' lang='lat' dir='ltr'><strong>pooiet.</strong></span> <span class='ocrx_word' id='word_1_142' title='bbox 878 2303 897 2358; x_wconf 91' lang='lat' dir='ltr'><strong>h</strong></span> <span class='ocrx_word' id='word_1_143' title='bbox 924 2304 952 2358; x_wconf 91' lang='grc' dir='ltr'><strong><em>Β</em></strong></span> <span class='ocrx_word' id='word_1_144' title='bbox 1065 2303 1139 2358; x_wconf 80' lang='lat' dir='ltr'><strong>8irl</strong></span> <span class='ocrx_word' id='word_1_145' title='bbox 1165 2303 1248 2371; x_wconf 89' lang='lat' dir='ltr'><strong>impo-</strong></span> 
     </span>
     <span class='ocr_line' id='line_1_18' title="bbox 116 2389 1249 2460; baseline -0.005 -12"><span class='ocrx_word' id='word_1_146' title='bbox 116 2393 208 2460; x_wconf 73' lang='lat' dir='ltr'><strong>tresp</strong></span> <span class='ocrx_word' id='word_1_147' title='bbox 313 2391 344 2446; x_wconf 90' lang='lat'><strong>11</strong></span> <span class='ocrx_word' id='word_1_148' title='bbox 364 2391 434 2460; x_wconf 86' lang='lat' dir='ltr'><strong>quod</strong></span> <span class='ocrx_word' id='word_1_149' title='bbox 449 2399 545 2460; x_wconf 77' lang='lat' dir='ltr'><strong>puroet</strong></span> <span class='ocrx_word' id='word_1_150' title='bbox 565 2392 582 2446; x_wconf 87' lang='lat' dir='ltr'>d</span> <span class='ocrx_word' id='word_1_151' title='bbox 600 2391 628 2448; x_wconf 90' lang='grc' dir='ltr'><strong><em>Β</em></strong></span> <span class='ocrx_word' id='word_1_152' title='bbox 731 2391 763 2452; x_wconf 86' lang='grc'><strong>13</strong></span> <span class='ocrx_word' id='word_1_153' title='bbox 787 2390 878 2446; x_wconf 76' lang='lat' dir='ltr'><strong>Saloni</strong></span> <span class='ocrx_word' id='word_1_154' title='bbox 896 2391 1046 2446; x_wconf 64' lang='lat' dir='ltr'><strong>Boletos:</strong></span> <span class='ocrx_word' id='word_1_155' title='bbox 1074 2407 1122 2446; x_wconf 80' lang='lat' dir='ltr'><strong>ooo.</strong></span> <span class='ocrx_word' id='word_1_156' title='bbox 1142 2389 1183 2458; x_wconf 85' lang='lat' dir='ltr'><strong>B,</strong></span> <span class='ocrx_word' id='word_1_157' title='bbox 1210 2389 1249 2445; x_wconf 86' lang='lat' dir='ltr'><strong>mi</strong></span> 
     </span>
     <span class='ocr_line' id='line_1_19' title="bbox 118 2479 465 2546; baseline -0.009 -12"><span class='ocrx_word' id='word_1_158' title='bbox 118 2479 211 2534; x_wconf 71' lang='lat' dir='ltr'><strong>Saloni</strong></span> <span class='ocrx_word' id='word_1_159' title='bbox 229 2493 317 2546; x_wconf 68' lang='lat' dir='ltr'><strong>emp</strong></span> <span class='ocrx_word' id='word_1_160' title='bbox 344 2479 379 2545; x_wconf 79' lang='lat' dir='ltr'><strong>ef.</strong></span> <span class='ocrx_word' id='word_1_161' title='bbox 398 2484 422 2544; x_wconf 65' lang='lat'><strong>5.</strong></span> <span class='ocrx_word' id='word_1_162' title='bbox 441 2481 465 2532; x_wconf 85' lang='lat'><strong>5.</strong></span> 
     </span>
    </p>
   </div>
   <div class='ocr_carea' id='block_1_4' title="bbox 0 0 1539 5012">
    <p class='ocr_par' dir='ltr' id='par_1_4' title="bbox 0 0 1539 5012">
     <span class='ocr_line' id='line_1_20' title="bbox 0 0 1539 5012; baseline 0 0"><span class='ocrx_word' id='word_1_163' title='bbox 0 0 1539 5012; x_wconf 95' lang='lat' dir='ltr'><strong> </strong></span> 
     </span>
    </p>
   </div>
  </div>
 </body>
</html>
