3096 5018
450 395 489 451 ad
506 397 684 452 eeclesiam
709 395 754 452 111
773 399 789 462 ἕ
806 395 916 452 57-61.
1184 401 1248 468 289

128 608 199 672 mar,
220 590 321 655 morte
344 587 612 671 adpropinquante
634 585 715 654 filim
736 603 799 654 nou
816 587 944 665 ramat,
968 589 1123 670 quaerunt
1138 589 1248 656 infida·

127 692 240 758 Iisrime
268 710 343 775 quos
373 692 430 758 aut
457 693 645 776 propinquos
668 695 724 758 ant
746 690 865 760 mines
887 707 961 758 suos
983 691 1102 771 ditant,
1130 693 1196 771 aut,
1219 692 1248 769 si

126 797 154 860 id
176 795 256 862 forte
278 797 374 874 deest,
399 795 554 878 quaerunt
569 796 678 862 saltim
692 795 798 877 aliqua
812 811 963 862 nouarum
978 795 1249 862 nenessitudinum

125 900 191 964 iota
211 898 349 964 uomina.
388 915 445 962 uae
472 897 613 977 interest,
640 901 676 964 ut
701 897 774 982 dixi,
803 899 884 981 opud
907 916 959 964 eos
981 915 1113 981 quorum
1135 902 1249 966 memi-

108 1002 231 1083 snorint,
260 1003 428 1066 dummodo
449 999 498 1066 sui
521 999 767 1066 obnuiacantm:
797 1019 858 1066 non
886 1001 1019 1068 interest
1043 1019 1120 1085 quos
1141 1021 1248 1070 amare

123 1124 152 1170 se
177 1104 295 1183 dicant,
324 1103 491 1170 dummodo
519 1103 640 1170 animas
667 1121 738 1170 suas
766 1102 899 1180 oderiut,
928 1123 987 1170 nee
1015 1106 1150 1172 interest
1171 1125 1249 1190 qnos

122 1209 231 1274 diuites
261 1207 388 1290 saniant,
418 1207 586 1274 dummodo
609 1226 642 1272 eo
664 1208 793 1276 aeterna
821 1207 1022 1275 mendicitate
1051 1211 1248 1278 eonsumant.

160 1329 268 1395 XIIII.
299 1326 326 1392 0
348 1327 517 1393 infelicitas
540 1345 557 1392 o
579 1327 717 1394 insania!
752 1327 825 1410 quid
848 1330 983 1407 tautum,
1007 1347 1130 1412 quasso,
1154 1333 1192 1398 de
1216 1337 1301 1406 sebi

121 1431 286 1497 miserrimi
308 1433 448 1497 omnium
471 1431 552 1498 male
575 1436 822 1515 promeruerunt,
845 1436 883 1497 ut
896 1431 971 1497 dum
988 1434 1120 1498 aliorum
1135 1437 1249 1520 uolup-

92 1537 238 1606 otatibus
271 1537 424 1610 seruiunt,
458 1553 491 1600 so
522 1539 671 1619 perpetuo
703 1538 943 1618 persequantur!
981 1535 1087 1603 uideas
1117 1541 1201 1605 enim
1230 1558 1249 1605 a

27 1625 28 1630 ’
120 1639 305 1721 quibusdam
328 1638 542 1704 infelicissima
565 1640 707 1706 uanitate
730 1639 916 1723 inuestigari
933 1639 1082 1723 quosdam
1098 1659 1194 1708 nouos
1212 1661 1249 1707 ao

119 1742 238 1807 nobiles
260 1742 458 1826 propinquos,
488 1743 594 1808 uideas
622 1742 852 1825 inooguitarum
874 1742 1081 1826 agnationum
1104 1745 1249 1826 pudenda

120 1847 246 1912 nomina
276 1848 307 1912 et
337 1847 507 1912 recentium
536 1865 573 1912 ao
596 1847 847 1927 praepotentium
880 1846 1081 1914 adfinitatum
1115 1849 1249 1918 ridioula

120 1957 304 2030 ammenta,
338 1971 410 2019 cum
442 1952 528 2018 dieat
561 1949 631 2032 quis
654 1951 692 2016 de
719 1950 824 2033 aliquo
854 1951 1002 2034 adoptiuo
1025 1969 1061 2016 ao
1083 1953 1250 2020 subitaneo

91 2055 307 2137 repropinquo:
340 2054 432 2121 illum
460 2054 607 2121 heredem
629 2053 711 2120 faoio
733 2057 894 2135 parentem
918 2073 1040 2119 meum:
1074 2059 1130 2121 aut
1153 2075 1248 2140 quae·

120 2177 251 2240 eumque
273 2158 397 2222 sanotae
419 2157 617 2239 professionis
645 2156 741 2221 uidua
762 2155 814 2220 uei
836 2156 959 2239 puella:
989 2157 1081 2222 illum
1103 2158 1249 2224 heredem

120 2263 220 2328 soribo
253 2262 430 2347 proximum
461 2280 578 2326 meum.
615 2279 651 2326 ao
681 2259 726 2324 sio
757 2260 884 2341 quidam
917 2276 993 2341 quos
1016 2261 1049 2324 in
1073 2261 1158 2326 omni
1179 2263 1249 2328 uita

119 2366 207 2448 quasi
236 2366 397 2430 extraneos
427 2365 605 2446 alienusque
627 2363 801 2429 habuerant
823 2362 927 2429 subito
950 2363 983 2428 in
1006 2365 1153 2429 extremis
1174 2385 1248 2449 pro-
1344 2359 1347 2364 ’

118 2471 250 2552 pinques
279 2468 407 2542 habent,
436 2469 468 2532 et
496 2468 550 2551 qui
572 2468 712 2532 extranei
734 2483 855 2547 semper
877 2466 965 2532 fuere
987 2467 1168 2535 uiuentium
1189 2488 1247 2552 pa·

87 2573 224 2642 urentes
252 2591 319 2638 esse
346 2571 503 2656 inoipiunt
531 2573 733 2636 mortuorum.
770 2569 975 2638 introducunt
1004 2569 1088 2636 enim
1120 2572 1302 2654 reportabo

118 2677 149 2739 in
173 2676 402 2742 testamentum
431 2692 508 2756 quos
537 2692 708 2756 numquam
737 2673 935 2739 introduxere
965 2673 999 2738 in
1025 2673 1184 2753 effoetum,
1216 2680 1248 2741 et

118 2778 178 2843 boo
199 2781 343 2858 maxime,
366 2779 402 2842 ut
424 2777 497 2857 dixi,
522 2782 576 2843 aut
598 2776 768 2860 locupletes
791 2778 845 2842 aut
868 2777 987 2844 nobiles
1003 2781 1060 2843 aut
1082 2779 1248 2846 honoratos

14 2893 16 2937 ι’
119 2885 150 2946 et
174 2884 227 2964 qui
257 2882 318 2947 uisi
350 2882 492 2964 potantes
526 2886 639 2962 essent,
674 2884 816 2963 parentes
850 2881 981 2946 forsitan
1014 2900 1072 2947 nou
1100 2883 1247 2950 fuissent.

117 2985 252 3052 ridieula
272 2986 379 3052 miseri
400 2985 558 3051 testatoris
580 2985 720 3066 ambitio,
743 2986 820 3050 dans
844 3003 969 3051 nemum
984 2987 1125 3068 proprIae
1149 2988 1249 3053 ieoni-

83 3090 195 3160 artetis
217 3089 257 3154 ad
279 3089 510 3172 conparandum
532 3087 731 3154 mondaeinm
750 3088 1000 3170 propinquitatis,
1026 3107 1130 3153 emens
1145 3091 1247 3173 pretio

118 3191 303 3258 hereditatis
331 3210 443 3257 nomon
470 3191 591 3258 herodis
613 3191 646 3256 et
666 3191 742 3256 totis
770 3190 951 3272 patrimonii
973 3193 1022 3256 sui
1044 3191 1166 3257 uiribus
1187 3193 1248 3258 hoo

117 3296 288 3378 elaborans,
316 3315 356 3360 ne
378 3313 412 3362 so
434 3294 498 3370 ille,
529 3293 583 3377 qui
604 3295 696 3358 beros
718 3293 875 3376 scribitur,
904 3297 1067 3376 parantem
1089 3299 1191 3379 neget,
1215 3299 1248 3362 et

116 3400 315 3466 attestator
348 3399 583 3466 infelieissimus
615 3397 804 3464 stultissima
834 3416 869 3464 ao
899 3396 1075 3463 miserrima
1105 3399 1248 3465 uanitate

116 3502 201 3568 facto
231 3503 342 3568 herede
373 3502 478 3583 nobili,
511 3503 617 3584 quiin
639 3499 706 3567 uita
734 3519 792 3566 sne
813 3500 963 3566 humilior
985 3519 1053 3566 esea
1075 3502 1162 3567 uisus
1186 3505 1245 3579 est,

78 3604 297 3675 eohonoratior
330 3605 363 3669 in
396 3607 496 3669 morte
530 3622 596 3669 esse
635 3603 788 3669 uideatur.
837 3620 855 3667 o
888 3604 1023 3668 oaeoitas
1056 3621 1073 3668 o
1107 3601 1296 3672 insaniat6l

171 3828 183 3881 1
211 3825 415 3880 infidelissimos
440 3826 495 3880 AB
598 3825 616 3879 2
641 3824 737 3878 attineo
759 3839 797 3892 ,aa
823 3823 924 3878 adfines
949 3841 1021 3880 oorr.
1048 3828 1121 3881 m.2
1149 3827 1176 3880 Β

114 3912 132 3966 3
151 3911 381 3966 necessitudinum
399 3927 433 3966 eoo
452 3927 524 3964 -nam
542 3927 611 3966 oorr.
629 3927 664 3964 m.
682 3910 748 3964 213
850 3911 867 3964 6
889 3925 938 3965 nea
955 3912 996 3965 A:
1023 3926 1078 3966 non
1096 3912 1124 3966 Β
1141 3919 1168 3966 et
1185 3927 1246 3967 eum

115 3997 181 4054 edd.
208 3997 341 4054 Halmius
444 3998 461 4052 8
487 3996 628 4052 infilieites
654 3998 682 4049 A
786 3996 905 4065 tantum]
932 3995 1041 4050 undem
1067 3996 1247 4052 FXHa'mer

115 4087 186 4144 enni
205 4087 238 4141 in
254 4099 389 4156 proprum
409 4084 598 4155 Freisierqeaea'
615 4100 642 4137 a.
654 4086 763 4153 186912.
776 4086 812 4137 15
911 4082 945 4136 10
962 4085 1137 4152 persequatur
1154 4099 1176 4138 a.
1193 4099 1244 4140 eor.

114 4190 134 4228 n
152 4189 187 4227 m.
201 4175 220 4226 2
236 4171 265 4225 A
350 4171 384 4224 13
401 4170 516 4224 restium
534 4170 561 4224 B
650 4171 685 4225 15
701 4168 759 4238 aut]
778 4171 808 4222 at
824 4168 853 4222 Β
938 4168 973 4222 22
989 4168 1132 4238 loeupletes
1149 4170 1177 4224 A

115 4260 153 4314 23
177 4256 274 4312 forsita
299 4257 328 4311 A
430 4255 465 4309 25
491 4256 593 4324 praetio
619 4256 646 4308 A
749 4254 783 4310 28
810 4253 1004 4309 infilieirsimus
1029 4255 1056 4307 A
1078 4255 1144 4309 item
1157 4258 1254 4325 paulo-

115 4350 178 4415 post
281 4343 389 4412 utqui]
409 4342 820 4411 quamquamquamquam
923 4340 959 4396 30
976 4342 1075 4396 tenitas
1092 4342 1150 4396 AB

1111 4446 1143 4500 19
