3036 5004
386 337 392 356 ἱ
441 377 479 431 de
496 373 635 444 gubern.
654 374 708 429 dei
731 373 770 429 VI
793 373 919 439 98-14κ
1183 374 1242 442 127

114 585 188 632 nero
206 583 359 648 umquam
382 565 450 632 fieri
472 564 605 632 debcant
628 583 707 648 quac
729 566 821 631 deum
844 567 979 643 laedant,
1002 564 1058 628 cut
1072 562 1141 630 idco
1163 581 1241 646 queo

116 670 201 735 mnla
230 669 306 734 sunt
336 668 413 734 bene
434 667 523 748 fiant,
546 667 620 751 quia
642 686 703 734 non
726 667 842 752 iugiter
864 666 952 734 fiant.
990 683 1063 732 nam
1086 667 1118 731 et
1140 666 1242 732 homi-

117 773 207 840 cidae
230 771 371 837 homines
394 790 456 838 non
477 790 597 854 semper
621 773 765 837 occidunt
778 773 813 836 et
834 769 1008 836 homicidae
1029 770 1136 834 tamon
1159 774 1243 852 sunt,

116 875 214 941 etiam
237 875 359 958 quando
387 892 448 940 non
471 875 625 954 occidunt,
658 875 731 957 quia
752 872 910 940 incudum
934 871 1118 955 polluuntur
1140 871 1244 938 homi·

92 979 206 1044 scidio.
232 981 264 1044 ct
280 979 416 1044 latrones
431 995 536 1042 omncs
553 994 612 1042 non
636 979 760 1060 sempor
782 976 1010 1042 latrocinantur
1032 974 1085 1040 sed
1107 973 1243 1040 latrones

116 1086 225 1146 tamen
248 1099 314 1147 csse
337 1098 398 1146 non
426 1080 583 1160 desinunt,
617 1079 691 1163 quia
720 1079 816 1146 etiam
838 1097 911 1144 cum
932 1081 1024 1172 rebus
1047 1077 1123 1160 ipris
1145 1078 1243 1144 latro-

116 1183 201 1250 cinia
223 1203 285 1249 non
308 1187 416 1268 agunt,
440 1183 554 1248 animis
576 1185 683 1248 tamen
704 1201 723 1248 e
744 1182 908 1248 latrocinio
933 1199 994 1248 non
1018 1182 1175 1248 recedunt.
1199 1185 1244 1250 sic
1269 1227 1272 1237 ι

115 1287 227 1369 utique
248 1303 355 1352 omnes
374 1287 415 1366 hi,
440 1287 493 1369 qui
507 1285 693 1369 spectaculis
715 1284 893 1351 istiusmodi
915 1285 1121 1364 dslectantm,
1146 1287 1244 1352 otiam

116 1391 242 1475 quando
265 1408 325 1456 non
348 1390 503 1472 spectant,
525 1389 643 1456 innoxii
658 1392 764 1454 tamen
780 1391 819 1454 ab
841 1390 1089 1472 spectaculorum
1111 1390 1244 1473 piaculis

81 1497 308 1560 sementeron
330 1496 413 1572 siunt,
436 1497 509 1577 quia
531 1512 653 1576 sempor
675 1492 775 1558 uelint
796 1494 946 1575 spectare,
970 1493 997 1558 si
1018 1491 1149 1576 possint.
1188 1511 1244 1558 nse
1256 1488 1296 1554 12

116 1596 222 1662 solum
250 1598 311 1663 hoc
337 1598 393 1663 ssd
422 1600 497 1662 sunt
519 1595 581 1662 alin
603 1597 731 1662 maiora.
770 1594 846 1678 qnid
869 1594 977 1660 enim?
1010 1595 1160 1678 numquid
1183 1611 1245 1660 non

115 1698 297 1766 consulibus
330 1701 362 1766 et
388 1701 470 1784 pulli
500 1701 602 1767 adhuc
631 1699 799 1785 gentilium
822 1697 1059 1782 sacrilegiorum
1082 1717 1166 1764 more
1188 1717 1244 1783 pa-

116 1805 251 1870 scuntur
266 1805 299 1868 st
313 1804 450 1870 uolantis
472 1804 587 1889 pinnas
609 1804 741 1888 auguria
763 1807 956 1886 quaeruntur
972 1820 1008 1868 ac
1021 1821 1120 1886 paene
1141 1804 1247 1867 omnia

113 1907 209 1987 liunt,
239 1926 317 1991 qnae
349 1908 446 1975 etiam
473 1907 523 1973 illi
550 1909 705 1992 quondum
734 1907 847 1990 pagani
869 1908 991 1972 ueteres
1014 1906 1131 1972 lriuola
1152 1909 1246 1988 atque

82 2008 287 2077 rsimidcnda
309 2011 483 2077 duxerunt?
514 2013 545 2076 et
568 2030 640 2077 cum
662 2011 861 2076 haecomnia
883 2010 944 2093 ipsi
958 2013 1063 2094 agant,
1087 2010 1140 2090 qui
1155 2009 1244 2074 annis

114 2114 249 2178 nomina
270 2113 416 2181 tribuunt
437 2119 502 2181 sta
524 2115 635 2199 quibus
657 2118 732 2181 anni
754 2115 816 2196 ipsi
838 2115 998 2180 exordium
1021 2114 1159 2195 sumunt,
1182 2132 1245 2178 cre·

115 2217 223 2281 dimus
251 2218 342 2284 nobis
371 2221 446 2286 bene
474 2237 570 2284 annos
592 2237 680 2302 posse
703 2222 876 2301 procedere,
899 2219 952 2300 qui
975 2235 994 2282 a
1015 2219 1106 2282 rebus
1129 2216 1245 2281 talibus

115 2320 308 2388 ordiuntur?
337 2325 430 2404 atque
458 2322 581 2388 utinam
609 2322 691 2389 sicut
713 2323 788 2388 haec
810 2324 936 2404 propter
958 2321 1098 2386 eonsules
1121 2320 1246 2385 uncum

116 2423 211 2508 fiunt,
236 2424 283 2490 ita
304 2425 376 2491 illos
405 2427 530 2490 tantum
557 2425 757 2504 incestarent,
788 2429 912 2508 propter
941 2441 1017 2506 quos
1039 2422 1128 2487 finnt.
1166 2422 1246 2488 illud
1258 2423 1298 2489 13

83 2527 168 2592 nest
190 2525 416 2594 feralissimum
438 2532 470 2593 ct
492 2529 726 2612 grauissimum,
749 2528 831 2611 quod
854 2527 929 2594 dum
947 2543 1100 2593 consensu
1122 2525 1247 2609 publico

117 2635 268 2711 aguntur,
294 2630 390 2696 honor
411 2633 666 2715 paucissimorum
688 2632 725 2696 fit
747 2632 862 2696 crimen
886 2629 1025 2696 omnium
1047 2647 1083 2693 ac
1098 2627 1153 2706 sic,
1176 2646 1247 2693 com

119 2732 256 2815 singulis
278 2736 367 2799 annis
389 2734 456 2802 bini
478 2735 716 2818 inaugurentur,
739 2753 833 2818 prope
856 2737 905 2799 cst
921 2733 1007 2799 utin
1023 2733 1109 2797 omni
1131 2732 1247 2797 mundo

117 2837 228 2902 nullus
254 2839 376 2903 euadat.

163 2957 224 3022 ΙΙΙ.
259 2957 319 3026 Sed
348 2960 385 3024 de
412 2961 460 3025 his
488 2962 634 3042 putemus
663 2961 721 3025 hoc
743 2959 820 3024 salis
843 2977 921 3035 esse,
945 2956 1026 3040 quod
1048 2958 1167 3024 dictum
1189 2957 1246 3032 est,
1259 2953 1301 3019 14

84 3079 210 3144 aquae,
234 3064 270 3126 ut
291 3063 352 3145 ipsi
369 3063 530 3142 excusatis,
555 3079 616 3127 non
631 3081 752 3146 semper
773 3062 861 3127 fiunt.
892 3062 929 3124 do
952 3060 1118 3127 cotidianis
1141 3060 1247 3124 umen

119 3165 367 3231 obscenitatibus
389 3167 569 3250 loquamur:
592 3185 668 3248 ques
689 3166 766 3231 tales
780 3183 817 3230 ac
831 3169 897 3229 tam
913 3165 1091 3229 innumeras
1114 3162 1248 3246 legiones

118 3269 308 3334 daemonum
325 3270 585 3355 excogitauerunt
609 3274 644 3335 ut
659 3270 755 3336 ctiam
771 3270 919 3334 honestae
934 3286 971 3333 ac
984 3265 1100 3351 probae
1114 3267 1246 3344 mentes,

119 3370 181 3437 etsi
203 3373 370 3439 nonnullas
393 3393 499 3440 earum
515 3392 658 3457 spernere
674 3377 706 3438 et
721 3373 841 3438 calcare
855 3374 996 3455 possunt,
1020 3387 1126 3435 omnes
1142 3371 1249 3435 tumen

117 3474 247 3557 ponitus
277 3495 420 3560 superare
442 3478 494 3542 uir
522 3477 652 3559 possint.
691 3476 773 3541 sicut
801 3478 884 3541 enim
906 3475 1057 3540 exercitus
1080 3472 1249 3560 pugnaturi

175 3715 192 3768 3
210 3732 264 3771 non
283 3731 386 3785 semper
403 3730 457 3770 non
476 3715 601 3770 occidnut
618 3715 742 3778 B.m.1;
769 3713 801 3768 irc
818 3713 910 3768 codem
926 3727 996 3782 seqq.
1013 3711 1100 3766 uerba
1118 3714 1146 3765 et
1163 3711 1249 3765 homi·

119 3803 199 3858 cidae
209 3807 302 3858 umen
315 3805 380 3857 runt
391 3803 476 3858 etiam
487 3802 595 3872 quando
607 3815 661 3855 non
673 3799 797 3855 occidunt
806 3800 839 3854 ire
849 3799 979 3854 coladula
992 3798 1101 3854 admeto
1113 3803 1180 3856 aaut

120 3893 244 3945 ttamen
257 3903 379 3944 essenon
392 3889 604 3946 Ritteralecse'cs:
623 3893 780 3942 tamennon
793 3885 917 3940 eseeAB
995 3883 1106 3939 ShiiB
1185 3881 1248 3937 llab

120 3978 164 4032 A:
187 3991 282 4031 acum
299 3969 469 4031 BHalmics
564 3972 762 4028 10u011eno13
854 3969 959 4038 possint
977 3970 1097 4037 (possent
1113 3970 1189 4033 rat)
1208 3968 1249 4024 A:

120 4065 234 4132 possent
251 4062 280 4117 Β
383 4063 415 4116 13
437 4063 533 4131 pinnae
552 4065 663 4130 (pennae
680 4075 713 4114 m.
734 4061 763 4127 2)
782 4057 822 4110 A:
849 4072 949 4125 pennae
966 4057 993 4110 Β
1057 4056 1131 4109 .14
1151 4054 1249 4111 friuola

9 4143 10 4186 l
121 4147 352 4216 Bett.o11125
453 4147 487 4201 21
505 4149 549 4212 sic
567 4162 628 4200 cum
639 4145 797 4200 Hor-telios:
821 4142 863 4196 sic
878 4144 906 4197 A
928 4141 997 4196 sicut
1015 4141 1043 4196 Β
1064 4141 1110 4204 εἰε,
1128 4141 1160 4193 ut
1178 4140 1249 4194 Hul-

121 4236 195 4289 ma'as
298 4235 333 4288 24
357 4234 424 4288 sctis
446 4231 549 4288 dictum
570 4247 626 4286 esse
650 4231 779 4300 quodcst
796 4228 823 4283 Β
925 4228 1205 4298 aucmentatum
1222 4225 1251 4281 Β

9 4329 10 4378 ἒ
122 4321 177 4376 iam
196 4321 399 4377 Bittcmhreeius
501 4319 535 4374 29
554 4319 676 4388 paenitus
693 4319 722 4371 A
