2972 5000
290 403 311 470 2
524 397 680 454 Saluiaui
697 397 736 452 ds
753 396 890 466 gubern.
909 395 970 450 dei.
993 393 1181 450 Praefatio.

292 592 382 657 modo
405 609 441 656 ea
463 607 675 672 quaecumque
697 586 835 654 dicerent
866 585 921 651 aut
943 589 1066 669 compto
1090 589 1121 650 et
1143 584 1258 650 blando
1281 584 1418 648 carmine

261 694 439 761 2oanerent
473 695 527 757 aut
561 689 721 757 luculenta
754 691 890 756 oratione
924 692 1094 755 narrarent.
1133 706 1240 753 omnes
1270 685 1354 750 euim
1384 688 1418 751 in

290 795 415 878 scriptis
448 795 513 860 suis
548 811 654 861 causas
686 795 811 858 tanturn
846 793 976 878 egerunt
1004 811 1076 857 suas
1099 795 1130 857 et
1152 789 1285 874 propriis
1315 789 1417 874 magis

290 898 433 965 laudibus
463 917 557 981 quam
587 899 719 964 aliorum
741 895 936 962 utilitatibus
959 894 1152 961 consulentes
1175 912 1237 959 non
1259 894 1294 959 id
1315 892 1417 958 facere

290 1003 390 1068 adnisi
424 1004 514 1080 sunt,
548 1001 585 1065 ut
616 1000 755 1066 salubres
783 1016 820 1063 ac
852 997 1008 1064 salutiferi
1041 998 1096 1064 sed
1118 999 1154 1062 ut
1176 995 1358 1062 scholastici
1379 1014 1456 1062 aes

290 1106 399 1172 diserti
434 1104 633 1171 haberentur.
668 1104 774 1185 itaque
808 1102 925 1186 scripta
957 1121 1062 1168 eorum
1091 1104 1146 1166 aut
1176 1101 1317 1165 uanitate
1340 1099 1416 1164 sunt

289 1209 410 1275 tumida
438 1211 494 1274 aut
523 1207 663 1273 falsitate
694 1205 825 1272 infamia
854 1208 909 1272 aut
931 1205 1097 1271 uerborum
1119 1202 1325 1269 foeditatibus
1348 1221 1417 1268 sor·

289 1314 361 1378 dida
383 1312 438 1378 aut
460 1331 564 1378 rerum
585 1311 780 1377 obscenitate
802 1308 927 1390 uitiosa,
958 1310 995 1374 ut
1016 1327 1098 1386 uere,
1128 1326 1199 1372 cum
1221 1305 1417 1391 ingeniorum

288 1417 413 1482 tantum
434 1417 560 1482 laudem
583 1413 776 1498 aucupantes
799 1418 867 1482 tam
889 1413 1027 1498 indignis
1048 1413 1141 1478 rebus
1165 1429 1273 1477 curam
1294 1410 1417 1493 impen-

287 1521 404 1596 derent,
428 1537 491 1583 non
513 1520 581 1584 tam
602 1516 790 1583 inlustrasse
811 1515 891 1582 mihi
912 1517 982 1600 ipsa
1004 1516 1129 1600 ingenia
1144 1535 1238 1600 quam
1252 1514 1417 1580 damnasse
1426 1535 1454 1578 rc

257 1621 463 1693 3uidsantur.
493 1639 548 1687 nos
567 1623 682 1696 autem,
706 1622 759 1703 qui
781 1639 887 1685 rerum
901 1619 1003 1705 magis
1026 1638 1122 1703 quam
1144 1621 1312 1686 uerborum
1326 1637 1415 1684 ama·

286 1727 368 1790 tores
391 1725 484 1790 utilia
506 1724 612 1808 potius
635 1741 730 1806 quam
752 1723 934 1807 plausibilia
962 1724 1117 1790 sectamur
1138 1741 1239 1805 neque
1261 1722 1296 1787 id
1318 1740 1415 1805 quae·

286 1828 394 1910 rimus,
418 1831 455 1892 ut
476 1828 509 1893 in
524 1827 614 1893 nobis
628 1827 735 1894 inania
750 1827 943 1894 saeculorum
958 1832 1142 1894 ornamenta
1156 1830 1209 1894 ssd
1223 1828 1260 1892 ut
1274 1825 1416 1893 salubria

287 1949 390 1997 rerum
424 1929 637 1997 emolumenta
668 1931 853 2011 laudentur,
888 1933 920 1997 in
951 1930 1186 2014 scriptiunculis
1212 1929 1329 1995 uostris
1352 1948 1416 1994 uon

285 2033 439 2100 lenocinia
468 2052 535 2102 esse
566 2035 710 2100 uolumus
741 2035 795 2100 sed
824 2035 976 2113 remedia,
1010 2054 1088 2118 quae
1115 2034 1240 2100 scilicet
1261 2053 1324 2098 nou
1346 2037 1416 2100 tam
1426 2055 1453 2099 1⁵

288 2138 459 2203 otiosorum
481 2137 607 2206 auribus
629 2137 773 2220 placeant
789 2157 882 2221 quam
897 2140 1094 2222 aegrotorum
1109 2138 1267 2204 mentibus
1281 2136 1414 2220 prosint,

286 2259 435 2325 magnum
459 2261 494 2306 er
516 2244 647 2324 utraque
669 2260 701 2305 re
726 2241 912 2306 caelestibus
940 2241 1029 2308 donis
1051 2241 1189 2307 fructum
1212 2241 1415 2323 reportaturi.

254 2342 312 2416 4si
334 2345 420 2410 enim
448 2343 523 2410 haec
553 2343 638 2410 salus
668 2347 776 2410 nostra
805 2345 963 2410 sanausrit
993 2345 1184 2428 quorundam
1213 2363 1276 2411 non
1298 2344 1415 2410 bonam

285 2448 323 2513 de
347 2450 401 2514 deo
424 2451 531 2514 nostro
555 2448 742 2531 opinionem,
766 2447 887 2514 fructus
903 2467 965 2515 non
980 2467 1096 2530 paruus
1112 2447 1182 2528 erit,
1205 2449 1286 2530 quod
1301 2447 1413 2513 multis

283 2552 394 2633 profui.
421 2552 468 2616 sin
484 2552 590 2617 autern
607 2551 640 2615 id
656 2569 717 2616 non
732 2551 920 2634 prouenerit
944 2555 977 2617 et
991 2552 1050 2618 hoc
1064 2552 1167 2637 ipsum
1182 2550 1413 2617 infructuosum
1423 2571 1451 2613 ao

284 2653 416 2720 forsitan
444 2671 506 2719 nou
536 2654 612 2734 erit,
643 2656 724 2736 quod
754 2654 900 2737 prodesse
921 2655 1086 2737 temptaui.
1123 2674 1211 2720 mens
1233 2655 1317 2721 enim
1339 2655 1412 2720 boni

283 2757 380 2822 studii
403 2774 440 2822 ac
458 2756 503 2839 pii
524 2757 602 2836 uoti,
626 2755 749 2822 etiamsi
764 2757 910 2824 effectum
926 2775 987 2823 non
1002 2758 1158 2824 inuenerit
1174 2760 1276 2840 coepti
1299 2759 1411 2843 operis,

283 2859 376 2926 habet
399 2865 504 2925 amen
526 2861 701 2944 praemium
724 2859 905 2926 uoluntatis.
943 2861 1017 2927 hinc
1040 2879 1112 2945 ergo
1135 2862 1246 2929 ordiar.

335 3099 347 3152 l
368 3100 396 3153 et
408 3089 557 3154 Pithoeus:
576 3101 625 3154 aut
642 3100 670 3154 Β
761 3100 778 3154 5
796 3101 910 3155 salubris
928 3101 956 3155 Β
1036 3101 1079 3156 .ΙΟ
1091 3100 1159 3155 mihi
1170 3102 1198 3156 Β
1210 3119 1231 3158 s.
1244 3102 1263 3157 l.
1274 3106 1341 3160 Μ

280 3183 388 3253 ingenio
411 3186 439 3240 Β
461 3201 484 3241 a.
502 3201 554 3240 ser.
571 3201 588 3239 a
606 3202 640 3242 m.
658 3189 674 3242 1
777 3185 811 3240 14
834 3187 980 3241 laudantur
1004 3187 1032 3241 Β
1051 3203 1072 3241 a.
1092 3203 1108 3241 a
1126 3188 1232 3243 mediae
1249 3189 1308 3259 opti.
1326 3204 1378 3244 aar.
1397 3205 1412 3244 e

280 3286 314 3324 m.
332 3273 353 3325 2
456 3272 490 3326 18
513 3272 558 3326 hic
581 3273 609 3327 Β
712 3273 747 3327 20
771 3273 821 3343 sin]
845 3274 909 3328 binc
925 3273 1025 3343 incipit
1042 3275 1078 3340 A,
1095 3274 1144 3330 aad
1161 3275 1217 3330 dac
1229 3276 1324 3345 primo
1340 3277 1414 3345 solio

280 3357 408 3413 mutilato
425 3363 492 3414 aaut
508 3359 649 3430 multaque
665 3359 779 3428 ccipe
797 3360 829 3414 ia
847 3359 947 3415 eisdem
965 3366 992 3416 et
1008 3360 1041 3415 ia
1057 3361 1135 3428 foliis
1146 3366 1172 3418 4.
1186 3365 1211 3417 5.
1223 3367 1249 3417 6.
1266 3367 1291 3418 8.
1309 3367 1326 3418 9
1344 3364 1412 3419 atto

279 3448 329 3499 out
347 3449 525 3499 euomaeruut
542 3450 592 3500 out
609 3445 661 3518 lapi
677 3461 736 3500 coa
753 3446 808 3500 iam
821 3452 952 3516 posswat;
970 3462 1041 3517 quoe
1058 3449 1152 3503 macic
1169 3450 1306 3504 ostwbcis
1316 3449 1411 3521 apaa-

278 3529 370 3585 aimus
473 3531 505 3586 21
524 3530 640 3586 forsitan
658 3531 802 3586 Halmius:
829 3532 926 3587 fortitu
942 3533 970 3587 A
996 3534 1092 3588 saltem
1108 3536 1136 3589 Β
1240 3535 1410 3604 protument

278 3616 306 3670 A
410 3617 443 3672 22
462 3620 576 3688 operies·
592 3618 741 3688 praemium
758 3620 786 3673 A
889 3619 923 3674 23
940 3619 1060 3674 exordiar
1077 3621 1119 3690 B;
1142 3626 1207 3690 post
1225 3621 1315 3676 ordiar
1331 3622 1364 3676 ia
1382 3625 1411 3677 A

278 3702 343 3758 baec
361 3709 401 3758 est
418 3704 578 3773 inscriptio:
601 3719 637 3758 nn
654 3719 734 3758 russo
753 3719 802 3758 nnn
820 3720 883 3760 aas·
895 3705 962 3772 (suit
974 3707 1118 3776 praesenti)
1136 3706 1243 3762 iudicio.
1269 3707 1410 3777 Incipiunt

230 3843 232 3850 ,
279 3787 381 3859 dialogi
393 3789 567 3860 disputantis,
587 3806 657 3860 puae
668 3791 729 3846 sice
741 3790 823 3846 dubio
835 3791 874 3846 od
884 3792 984 3847 labrum
997 3794 1021 3848 1.
1036 3799 1163 3862 epectasis
1171 3795 1280 3864 pariter
1292 3795 1410 3851 librario

279 3873 391 3933 debetur
408 3893 441 3934 uc
458 3877 504 3933 lib.
522 3877 563 3932 ΙΙ
579 3883 595 3932 1
613 3877 661 3945 fio.
681 3879 770 3936 altero
787 3879 946 3948 inscriptio:
972 3895 1009 3934 nn
1026 3895 1246 3937 euamuurrons
1264 3897 1312 3938 nnn
