3068 5012
265 428 329 497 254
751 427 912 482 Saluiami

268 619 362 685 uidua
398 617 547 684 deliciosa
585 635 646 682 non
680 616 778 700 diues,
816 617 878 682 nini
911 618 1007 682 fuerit
1040 619 1096 684 deo
1131 617 1302 682 adhaerens
1335 618 1397 683 nisi

268 722 400 787 orationi
423 721 527 786 dedita
549 721 611 786 nisi
634 739 652 784 a
675 721 796 786 eunetis
819 721 929 785 mundi
952 719 1115 785 inlecebris
1138 719 1277 784 desolata
1293 725 1324 786 at
1342 739 1398 803 per
1521 758 1522 802 1

214 825 344 892 athaes
366 825 472 891 omnia
494 844 566 890 uere
590 824 695 891 uidua.
727 824 809 907 qnod
832 824 859 889 si
881 823 928 888 ita
949 831 1007 900 est,
1031 841 1242 907 quaeoumque
1257 841 1291 888 se
1312 825 1397 890 uitae
1521 809 1522 818 ¹

267 926 353 1010 eupit
375 946 441 993 esse
464 946 526 993 non
548 929 658 994 mortis
680 945 877 1010 nequaquam
895 927 1039 992 suffioere
1054 927 1115 992 sibi
1139 927 1293 1007 aestimet,
1316 929 1343 994 si
1366 933 1399 994 et

268 1032 395 1097 delioias
428 1031 489 1097 sibi
520 1031 559 1098 ob
588 1032 683 1098 deum
706 1033 738 1096 et
760 1031 888 1097 diuitias
912 1030 1085 1114 abnegarit,
1106 1030 1180 1096 ¹nisi
1203 1032 1235 1096 et
1257 1031 1399 1098 oratioue
1423 1056 1435 1094 e

268 1137 300 1199 et
321 1133 427 1200 labore
454 1135 488 1199 id
516 1135 731 1218 promeruerit,
766 1133 928 1199 utuidua
957 1134 1007 1198 dei
1038 1153 1105 1200 asse
1128 1131 1289 1200 uideatur:
1326 1133 1401 1218 quia

267 1255 328 1304 non
362 1241 412 1302 est
444 1238 584 1316 dubium,
618 1239 700 1320 qnod
733 1237 995 1320 quemadmodum
1028 1237 1099 1320 qnia
1127 1238 1160 1302 in
1188 1237 1248 1303 hoo
1275 1237 1400 1302 saeoulo

269 1340 394 1406 Christo
410 1341 596 1421 adhaeserit,
619 1342 666 1406 ita
681 1341 715 1405 in
730 1339 848 1406 Christi
864 1358 988 1422 corpore
1002 1341 1207 1424 permanehit,
1227 1341 1401 1406 seeundum
1431 1398 1433 1404 .

266 1442 362 1509 illud:
386 1443 571 1509 adhaesit
592 1444 721 1509 anima
741 1461 827 1508 mea
849 1446 939 1524 post
960 1445 1014 1521 te,
1043 1461 1098 1508 me
1120 1446 1247 1508 antem
1270 1461 1401 1509 susae-

267 1548 327 1628 pit
349 1547 510 1614 dextera
532 1547 610 1612 tua.
640 1563 701 1629 quo
717 1547 906 1630 declaratur,
929 1546 1011 1630 quod
1028 1564 1096 1611 eam
1112 1548 1237 1612 tantum
1252 1548 1438 1626 animumne

269 1667 347 1731 quae
370 1651 428 1715 deo
455 1650 629 1716 adhaeserit
657 1651 690 1714 in
719 1651 779 1716 hoo
807 1649 947 1727 saeculo,
976 1650 1101 1716 dextera
1123 1651 1174 1716 dei
1196 1651 1345 1732 suscipiet
1367 1651 1403 1715 in

208 1751 386 1821 *28futuro.
424 1753 500 1818 haee
528 1771 602 1836 ergo
630 1752 794 1818 uiduitatis
824 1755 873 1817 est
900 1752 1017 1836 regula.
1052 1771 1126 1817 nam
1139 1801 1142 1806 -
1156 1755 1195 1819 de
1217 1753 1402 1837 ooniugibus

270 1856 494 1920 abstinentiam
531 1855 679 1938 professis
714 1857 746 1920 et
779 1856 893 1938 spiritu
926 1854 976 1920 dei
1013 1855 1115 1936 plenis
1153 1854 1297 1921 dubitare
1331 1857 1402 1938 quis

270 1957 390 2036 debeat,
425 1958 515 2039 quin·
529 1976 586 2022 sua
614 1957 781 2024 heredibus
815 1957 980 2022 mundanis
1013 1957 1131 2022 seruire
1163 1957 1264 2022 nolint
1291 1959 1346 2040 qui
1368 1977 1403 2024 se

270 2061 353 2141 ipsos
375 2060 491 2125 mundo
514 2061 773 2126 eliminauerintt
803 2061 956 2143 quomodo
988 2062 1071 2126 enim
1093 2063 1132 2126 ad
1154 2079 1188 2126 se
1211 2062 1439 2144 pertinentia-ne

272 2162 343 2227 aliis
377 2162 524 2228 addioant
557 2165 610 2246 qui
643 2164 726 2246 ipsos
749 2182 781 2228 se
809 2162 871 2228 sibi
902 2163 1078 2246 denegant?
1115 2164 1181 2228 tam
1209 2181 1291 2229 noua
1319 2165 1404 2229 enim

271 2266 389 2330 uirtute
421 2266 555 2349 praediti
589 2283 809 2348 concessasque
840 2267 880 2349 et,
914 2267 996 2348 quod
1030 2265 1134 2331 maius
1168 2267 1227 2344 est,
1262 2270 1404 2349 expertas

271 2387 436 2451 oorporum
464 2370 643 2453 uoluptates
671 2369 866 2434 admirabilis
898 2368 1108 2434 continentiae
1130 2368 1314 2434 austeritate
1337 2371 1403 2435 oal-

263 2477 378 2540 aantee
402 2472 665 2557 quemadmodum
688 2472 808 2555 aliquid
831 2491 935 2536 rerum
958 2489 1086 2536 suarum
1102 2489 1164 2536 non
1179 2475 1235 2537 deo
1257 2479 1405 2552 uoueant‚

272 2577 326 2658 qui
355 2579 459 2662 ipsum
488 2579 572 2642 iutra
594 2595 628 2642 se
650 2578 743 2642 deum
767 2595 836 2641 esse
860 2576 1022 2641 feserunt?
1057 2577 1093 2641 ut
1113 2594 1184 2640 meo
1205 2577 1331 2659 quidem
1351 2577 1442 2644 iu-eo

272 2680 351 2746 ditio
380 2681 476 2746 etiam
499 2681 538 2744 de
566 2680 625 2745 tali
648 2681 794 2762 coniugio
823 2680 998 2746 rectissime
1020 2680 1221 2762 dioipossit:
1250 2682 1407 2749 laetare

271 2785 431 2850 sterilis
465 2785 567 2867 quod
594 2803 665 2850 nou
694 2787 820 2869 paris,
856 2803 1015 2866 erumpe
1043 2786 1081 2850 et
1104 2787 1281 2852 exclama
1303 2787 1406 2869 quod

270 2906 343 2953 non
365 2889 558 2970 parturis,
583 2890 674 2970 quia
696 2889 813 2953 multi
836 2888 919 2952 filii
942 2887 1119 2953 desertae
1144 2890 1268 2973 magis
1291 2907 1404 2973 quam

220 2989 356 3066 29eiua
378 3009 474 3074 quae
498 2991 616 3056 babet
638 2985 777 3058 uirumss
817 2994 848 3055 et
878 2990 986 3056 sterile
1008 3008 1142 3074 namque
1166 2994 1213 3056 est
1236 2993 1318 3075 quod
1341 3011 1405 3059 uon

270 3094 353 3180 parit
386 3098 418 3160 et
458 3095 618 3160 desertum
654 3097 736 3176 quod
768 3095 807 3160 ab
845 3094 988 3158 omuibus
1022 3113 1055 3158 se
1088 3095 1197 3161 mundi
1234 3096 1440 3162 inlecebrisns

272 3199 428 3282 separauit
452 3198 484 3261 et
506 3196 572 3262 sine
594 3198 661 3262 uiro
684 3197 766 3278 quod
789 3196 855 3262 sine
877 3195 939 3262 uiri
961 3214 1019 3262 usu
1045 3196 1092 3260 ita
1113 3197 1218 3262 uirum
1240 3197 1343 3280 habet,
1367 3203 1405 3264 ut

272 3319 334 3366 nou
356 3301 472 3367 babere
494 3300 647 3367 uideatur.
685 3300 741 3364 bos
764 3317 837 3384 ergo
860 3300 1006 3387 coniuges
1029 3299 1110 3364 tales
1134 3300 1203 3383 quis
1226 3299 1350 3376 dubitet
1372 3307 1405 3367 et

273 3405 349 3470 dum
383 3406 504 3482 uiuunt,
539 3405 622 3470 siout
651 3405 684 3470 iu
711 3421 745 3468 se
773 3405 820 3470 ita
849 3404 947 3470 etiam
960 3479 962 3486 y
976 3406 1017 3478 iu,
1042 3403 1111 3470 suis
1142 3405 1325 3472 substantiis
1348 3404 1406 3470 deo

273 3508 400 3587 uiuere,⁴
416 3512 447 3572 et
471 3526 543 3572 oum
566 3527 582 3571 e
606 3506 675 3571 uita
696 3508 819 3584 exeunt,
843 3526 914 3572 oum
936 3527 992 3573 sua
1010 3508 1168 3585 addeum,
1193 3510 1243 3574 nui
1259 3509 1405 3588 uiuerint,

376 3731 465 3784 ersa.
483 3729 559 3794 aar
662 3729 695 3784 21
715 3689 818 3802 marea
834 3730 869 3784 as

264 3973 267 3980 .
326 3937 339 3989 1
359 3934 486 3989 deliciosa
503 3939 530 3989 et
546 3935 641 3991 statim
658 3933 768 3989 deliciae
785 3934 886 3989 iterant
903 3950 939 3988 ea·
956 3931 1002 3987 dil.
1021 3947 1092 3987 corr.
1109 3935 1176 3987 m.2
1193 3933 1221 3986 A
1312 3934 1406 4002 turo·

274 4022 401 4076 meruerit
418 4036 453 4076 ero
472 4021 543 4076 ·ruit
560 4036 632 4077 corr.
649 4024 715 4078 Μ
732 4021 759 4074 Β
855 4019 871 4073 'd
888 4035 956 4089 quo·
971 4017 1090 4088 (deelar.)
1108 4018 1136 4071 A
1154 4031 1223 4074 arao.
1241 4019 1259 4073 d
1276 4019 1315 4074 bt.
1335 4019 1407 4088 quod

273 4109 301 4163 Β
405 4109 438 4163 17
465 4107 597 4176 praedicti
625 4107 652 4161 Β
757 4107 790 4161 18
812 4106 995 4161 continentiae
1014 4121 1036 4174 p
1060 4109 1099 4172 (et
1116 4104 1277 4173 Batauam:
1305 4106 1406 4160 aonam-

274 4195 363 4249 entiae
384 4195 440 4248 AB
545 4192 579 4246 22
597 4192 690 4246 sterile
706 4192 734 4246 A
752 4197 778 4246 at
795 4205 829 4245 m.
849 4193 869 4246 2
886 4191 914 4246 Β
939 4189 1042 4245 sterilis
1057 4191 1088 4245 Β
1105 4207 1141 4245 m.
1159 4195 1196 4245 1Ι
1278 4190 1313 4247 28
1335 4191 1407 4246 dent

275 4297 302 4335 se
319 4297 340 4337 a
359 4295 409 4335 sor.
426 4297 463 4335 m.
481 4282 502 4335 Β
521 4279 585 4347 (aad.
604 4281 631 4347 1)
654 4280 683 4333 in
707 4279 735 4332 A
837 4277 874 4332 29
895 4291 955 4336 oum
978 4277 1099 4332 uiuerint
1115 4276 1207 4331 auita
1223 4275 1272 4332 aad
1288 4277 1407 4331 uiuerint

275 4384 309 4424 eor
322 4373 406 4437 porte
424 4381 496 4420 eras.
515 4370 541 4420 ot
554 4370 651 4434 pund.
669 4365 698 4418 A
951 4361 953 4368 '
