3036 5004
450 397 489 452 de
506 395 645 467 gubern.
662 396 716 452 dei
737 397 776 452 VI
796 401 812 463 i
829 397 939 454 52-ῠᾶ
1194 398 1254 464 141

128 589 336 652 uacillcntem
370 603 474 652 arcam
508 586 626 652 domini
658 585 812 651 sustinere
840 586 1031 666 temptauit?
1065 584 1144 650 nihil
1173 585 1256 653 enirn

129 690 205 756 hinc
227 694 294 755 erat
315 690 384 773 lege
406 692 616 772 praeceptum.
652 691 812 754 ettamen
840 687 950 754 stetim
973 687 1049 754 dum
1070 688 1254 770 sustinebat,

128 792 285 858 extinctus
307 795 364 870 est,
387 807 448 856 non
470 790 554 874 quia,
577 794 613 854 ut
634 790 771 868 uidetur,
793 789 834 855 ad
851 789 984 872 speciem
1000 791 1173 856 contumaci
1196 789 1256 856 ali·

128 895 206 978 quid
231 898 286 960 aut
306 893 477 961 inofficiosa
498 894 605 959 saltim
626 895 732 959 moute
754 892 955 972 commiserit,
986 893 1042 958 scd
1063 892 1130 975 ipso
1152 891 1255 959 officio

107 997 321 1064 sinoificiosus
341 996 414 1075 iuit,
437 997 512 1080 quia
532 995 653 1062 iniussa
674 997 890 1079 praesumpsit.
928 995 1020 1063 bomo
1042 994 1308 1063 Israheliticacbb

126 1101 231 1184 plebis
246 1117 318 1165 cum
333 1099 420 1184 ligna
434 1099 577 1164 sabbatis
592 1098 781 1182 collegisset,
805 1097 925 1166 erebus
940 1102 999 1178 est,
1022 1101 1054 1164 et
1069 1099 1126 1166 hoc
1139 1099 1255 1166 iudicio

128 1221 168 1269 ac
187 1205 276 1269 iussn
306 1203 365 1285 dei,
397 1202 532 1285 piissimi
564 1202 687 1269 scilicet
715 1221 752 1268 ae
777 1201 1060 1270 misericordissimi
1092 1200 1203 1268 iudicis
1222 1204 1256 1272 et

127 1308 184 1390 qui
206 1323 330 1389 parcere
358 1305 474 1388 absque
502 1304 595 1370 dubio
625 1321 718 1388 quam
739 1307 875 1372 occidere
897 1304 1069 1385 maluisset,
1093 1305 1154 1372 nisi
1175 1305 1256 1372 rati·

128 1427 223 1475 onem
253 1407 482 1474 misericordiae
510 1407 687 1474 seueritatis
714 1408 794 1473 ratio
824 1408 960 1474 uicbsct.
998 1427 1077 1474 unus
1099 1409 1182 1474 enim
1203 1408 1255 1474 in-

92 1512 254 1579 recentior
275 1512 378 1596 periit,
401 1530 440 1578 ne
461 1511 557 1576 multi
584 1529 639 1594 per
660 1510 851 1577 incautelam
871 1513 978 1594 postca
1000 1510 1187 1594 deperirent.
1222 1513 1255 1577 et

127 1615 266 1699 quidde
289 1614 422 1698 singulis
443 1613 572 1679 dicam?
599 1613 744 1679 uniuersa
766 1632 842 1696 gens
863 1612 1084 1696 Hebraeorum,
1107 1632 1177 1683 oum
1198 1611 1307 1696 uerae
1338 1680 1340 1693 ‚

126 1718 293 1783 heremum
315 1715 377 1781 iter
399 1719 515 1798 ageret,
539 1714 612 1798 quia
627 1714 914 1781 consuetudinarias
930 1733 1036 1782 carnes
1051 1715 1255 1796 desiderauit,

126 1821 254 1904 pmtem
282 1837 355 1885 suae
383 1819 485 1901 plebis
514 1819 631 1884 amisit.
670 1822 699 1883 et
730 1819 856 1901 quidem
888 1818 1092 1886 interdictum
1120 1819 1254 1886 necdum

125 1925 235 1988 iuerat
255 1941 294 1988 ne
317 1922 515 2006 desideraret,
548 1921 604 1987 sed
637 1920 743 2005 legali,
777 1922 815 1987 ut
835 1939 912 1996 reor,
946 1923 1160 1990 obseruantiae
1181 1937 1254 2005 pro·

91 2026 221 2092 reficere
242 2027 318 2091 deus
340 2025 450 2101 noluit,
473 2028 511 2091 ut
531 2024 682 2090 rebellem
700 2025 983 2109 concupiscentiam
999 2027 1170 2092 coerceret:
1193 2042 1254 2108 qno

126 2129 255 2196 facilius
278 2128 399 2194 scilieet
420 2131 551 2194 cunctus
578 2129 711 2212 populus
737 2133 931 2213 agnosceret,
959 2133 1112 2213 quantum
1135 2129 1254 2197 accitare
1392 2215 1396 2224 .

125 2232 255 2298 deberet
293 2251 370 2315 quae
403 2233 479 2298 deus
507 2230 632 2314 scriptis
664 2231 850 2298 caelestibus
883 2232 1094 2308 interdiceret,
1129 2233 1253 2314 qnando

126 2337 226 2400 etiam
247 2335 306 2400 illa
328 2355 400 2400 eum
415 2335 552 2401 admissa
566 2335 738 2420 laederent,
760 2355 839 2420 qnae
855 2338 987 2402 necdum
1002 2335 1071 2420 lege
1086 2334 1251 2400 uetuisset.

125 2437 266 2504 laborem
288 2453 408 2521 quoqne
423 2456 457 2503 se
471 2437 624 2505 sustinere
647 2441 728 2504 idem
750 2439 885 2522 populus
906 2438 1059 2522 ingemuit
1075 2437 1106 2503 et
1128 2436 1303 2521 propiaret

93 2541 188 2606 alnoo
209 2540 310 2624 plagis
333 2539 519 2606 caelestibus
534 2539 769 2616 uerberabatur,
793 2559 854 2606 non
869 2541 943 2624 quia
957 2540 1114 2607 laboranti
1127 2559 1251 2625 gemere

126 2661 189 2709 non
223 2644 327 2720 liceat,
361 2643 416 2707 sed
447 2642 590 2726 ingratus
622 2644 743 2710 scilicet
775 2642 839 2708 fnit
871 2644 1008 2729 gemitus
1041 2643 1135 2709 deum
1161 2643 1253 2727 quasi

125 2747 286 2812 enatarem
313 2745 510 2811 immoderati
537 2746 652 2814 laboris
679 2763 837 2812 accusans.
874 2766 910 2812 ex
931 2763 991 2830 quo
1013 2746 1155 2831 intellegi
1177 2764 1254 2814 oon·

125 2849 218 2914 uenit
251 2851 402 2931 quantum
434 2848 554 2931 placere
591 2848 648 2915 deo
682 2849 794 2916 debeat
827 2849 880 2932 qui
908 2868 1013 2916 rerum
1045 2848 1253 2917 iucundarum

126 2950 323 3017 beatitudine
346 2951 471 3026 fruitur,
493 2951 615 3033 quando
638 2951 734 3018 etiam
750 2952 788 3016 de
804 2951 853 3016 lris
875 2952 964 3034 queri
979 2969 1040 3017 non
1063 2952 1149 3036 licet,
1173 2971 1252 3035 quae

92 3054 255 3139 singrata
278 3054 453 3120 uideantur.

170 3171 227 3239 XI.
257 3173 423 3255 Quaeritur
454 3173 586 3239 forsitan
620 3191 766 3255 quorsum
788 3173 850 3238 ista
872 3173 1071 3256 pertineant?
1102 3191 1251 3256 quorsum
1260 3176 1304 3242 58

124 3278 244 3360 absque
267 3278 360 3344 dnbio
377 3277 439 3342 nisi
460 3280 497 3342 ut
512 3275 591 3378 nibil
606 3278 676 3342 leue
692 3277 897 3356 existimetur,
919 3295 979 3360 quo
998 3277 1074 3343 dens
1089 3275 1250 3342 laeditur?

125 3379 272 3445 deludis
294 3379 379 3445 enim
401 3379 534 3463 publicis
558 3379 702 3460 dicimus,
724 3378 871 3445 ludibriis
887 3379 1008 3445 scilieet
1029 3381 1096 3463 spei
1117 3381 1250 3466 nostrae,

229 3565 246 3619 5
265 3565 345 3618 Num.
364 3565 406 3628 15,
425 3564 460 3619 32
564 3565 594 3619 11
613 3563 693 3620 Num.
713 3565 790 3630 11,4
893 3566 925 3619 1¹9
942 3564 1023 3620 Exod.
1043 3566 1076 3621 10

177 3719 309 3773 ttamen
332 3735 382 3775 om.
404 3719 433 3774 Β
536 3719 644 3774 terrem
665 3721 694 3776 Β
794 3721 985 3790 teolligisset
1007 3721 1035 3776 Β
1137 3720 1253 3778 iiuasu

1 3849 2 3858 ,
123 3807 154 3860 et
171 3805 319 3860 indicio-B
392 3805 686 3875 immaturarum
704 3821 802 3862 oracr.
820 3823 855 3863 aa
873 3823 978 3862 rocus
995 3806 1023 3860 A
1124 3807 1159 3862 10
1181 3809 1251 3876 pori·

123 3894 186 3945 rcnt
203 3905 224 3944 c.
242 3905 343 3960 paam.
360 3895 424 3946 m.1
441 3889 474 3944 de
490 3893 518 3945 A
611 3892 644 3946 lb
661 3891 811 3946 coherceret
827 3892 875 3947 scd
893 3892 1023 3961 lupurcot.
1036 3894 1068 3947 A
1091 3913 1098 3948 κ
1154 3893 1187 3948 16
1203 3893 1254 3963 agi

124 3980 245 4030 nosceret
262 3977 290 4030 A
390 3976 427 4030 20
448 3975 604 4032 uerteretur
625 3977 681 4031 AB
701 3977 802 4046 (Ttolc
827 3976 1016 4034 nerborabatur
1033 3993 1094 4034 cam
1111 3977 1172 4034 cdd.
1190 3993 1257 4050 om·-

1 4057 2 4098 ἰ
124 4061 207 4116 nobas
223 4062 355 4118 Halmius
416 4106 421 4114 .
454 4061 489 4116 22
505 4062 628 4132 intelligi
644 4064 693 4119 boc
711 4065 768 4120 loto
784 4065 813 4119 A
913 4065 948 4119 23
964 4064 1137 4119 iucundorum
1155 4065 1182 4120 A

124 4148 160 4202 16
175 4149 300 4203 forsitam
318 4149 346 4203 A
448 4153 602 4218 quomesum
619 4151 646 4203 A
668 4149 711 4205 bia
733 4151 819 4206 erueris
836 4149 945 4205 duabus
966 4151 1018 4205 litt.
1038 4153 1206 4220 (quorumnm
1223 4149 1253 4206 Β

120 4237 272 4304 morters
294 4236 361 4302 loco)
466 4237 500 4291 ti
521 4235 594 4305 qnod
616 4235 680 4291 dens
704 4238 732 4291 Β
835 4237 869 4292 28
892 4238 963 4292 enim
986 4236 1087 4292 scilicet
1109 4237 1158 4293 aed
1179 4237 1251 4294 enim

126 4327 254 4390 enpomet.
273 4320 301 4375 Β
