<?xml version="1.0" encoding="UTF-8"?>
<!DOCTYPE html PUBLIC "-//W3C//DTD XHTML 1.0 Transitional//EN"
    "http://www.w3.org/TR/xhtml1/DTD/xhtml1-transitional.dtd">
<html xmlns="http://www.w3.org/1999/xhtml" xml:lang="en" lang="en">
 <head>
  <title>
</title>
<meta http-equiv="Content-Type" content="text/html;charset=utf-8" />
  <meta name='ocr-system' content='tesseract 3.04.00' />
  <meta name='ocr-capabilities' content='ocr_page ocr_carea ocr_par ocr_line ocrx_word'/>
</head>
<body>
  <div class='ocr_page' id='page_1' title='image "./corpusscriptoru14wissgoog_0248.png"; bbox 0 0 3068 5012; ppageno 0'>
   <div class='ocr_carea' id='block_1_1' title="bbox 352 1115 1032 1472">
    <p class='ocr_par' dir='ltr' id='par_1_1' title="bbox 352 1115 1032 1472">
     <span class='ocr_line' id='line_1_1' title="bbox 352 1115 1032 1230; baseline 0.001 -2"><span class='ocrx_word' id='word_1_1' title='bbox 352 1115 647 1228; x_wconf 80' lang='lat' dir='ltr'><strong>SALVIANI</strong></span> <span class='ocrx_word' id='word_1_2' title='bbox 689 1115 1032 1230; x_wconf 73' lang='lat' dir='ltr'>uolsuomu.</span> 
     </span>
     <span class='ocr_line' id='line_1_2' title="bbox 549 1387 832 1472; baseline -0.014 0"><span class='ocrx_word' id='word_1_3' title='bbox 549 1387 779 1472; x_wconf 81' lang='lat' dir='ltr'>unsnonu</span> <span class='ocrx_word' id='word_1_4' title='bbox 804 1388 832 1470; x_wconf 91' lang='lat'>1.</span> 
     </span>
    </p>
   </div>
   <div class='ocr_carea' id='block_1_2' title="bbox 124 1561 1285 1868">
    <p class='ocr_par' dir='ltr' id='par_1_2' title="bbox 124 1561 1285 1868">
     <span class='ocr_line' id='line_1_3' title="bbox 170 1561 1285 1662; baseline 0.002 -20"><span class='ocrx_word' id='word_1_5' title='bbox 170 1576 197 1642; x_wconf 92' lang='grc' dir='ltr'><strong>Ο</strong></span> <span class='ocrx_word' id='word_1_6' title='bbox 212 1579 319 1656; x_wconf 81' lang='lat' dir='ltr'>Amor,</span> <span class='ocrx_word' id='word_1_7' title='bbox 343 1579 419 1660; x_wconf 90' lang='lat' dir='ltr'>quid</span> <span class='ocrx_word' id='word_1_8' title='bbox 437 1580 469 1643; x_wconf 91' lang='lat' dir='ltr'>te</span> <span class='ocrx_word' id='word_1_9' title='bbox 483 1580 639 1661; x_wconf 82' lang='lat' dir='ltr'>appellem</span> <span class='ocrx_word' id='word_1_10' title='bbox 654 1579 767 1662; x_wconf 86' lang='lat' dir='ltr'>nescio,</span> <span class='ocrx_word' id='word_1_11' title='bbox 792 1582 907 1644; x_wconf 88' lang='lat' dir='ltr'>bonum</span> <span class='ocrx_word' id='word_1_12' title='bbox 922 1561 962 1643; x_wconf 83' lang='lat' dir='ltr'>an</span> <span class='ocrx_word' id='word_1_13' title='bbox 978 1578 1106 1661; x_wconf 84' lang='lat' dir='ltr'>malum,</span> <span class='ocrx_word' id='word_1_14' title='bbox 1129 1579 1285 1648; x_wconf 84' lang='lat' dir='ltr'>dulceml</span> 
     </span>
     <span class='ocr_line' id='line_1_4' title="bbox 124 1682 1254 1768; baseline 0.003 -21"><span class='ocrx_word' id='word_1_15' title='bbox 124 1700 167 1747; x_wconf 87' lang='lat' dir='ltr'>an</span> <span class='ocrx_word' id='word_1_16' title='bbox 190 1699 346 1766; x_wconf 87' lang='lat' dir='ltr'>asperum,</span> <span class='ocrx_word' id='word_1_17' title='bbox 368 1701 495 1747; x_wconf 87' lang='lat' dir='ltr'>suauem</span> <span class='ocrx_word' id='word_1_18' title='bbox 511 1702 551 1748; x_wconf 91' lang='lat' dir='ltr'>an</span> <span class='ocrx_word' id='word_1_19' title='bbox 573 1683 794 1749; x_wconf 89' lang='lat' dir='ltr'>iniucundum:</span> <span class='ocrx_word' id='word_1_20' title='bbox 818 1683 865 1748; x_wconf 88' lang='lat' dir='ltr'>ita</span> <span class='ocrx_word' id='word_1_21' title='bbox 883 1682 965 1748; x_wconf 90' lang='lat' dir='ltr'>enim</span> <span class='ocrx_word' id='word_1_22' title='bbox 990 1686 1121 1766; x_wconf 87' lang='lat' dir='ltr'>utroque</span> <span class='ocrx_word' id='word_1_23' title='bbox 1144 1685 1254 1768; x_wconf 85' lang='lat' dir='ltr'>plenus</span> 
     </span>
     <span class='ocr_line' id='line_1_5' title="bbox 125 1780 1255 1868; baseline 0.004 -19"><span class='ocrx_word' id='word_1_24' title='bbox 125 1804 170 1868; x_wconf 90' lang='lat' dir='ltr'>es,</span> <span class='ocrx_word' id='word_1_25' title='bbox 194 1788 231 1849; x_wconf 91' lang='lat' dir='ltr'>ut</span> <span class='ocrx_word' id='word_1_26' title='bbox 253 1790 420 1867; x_wconf 83' lang='lat' dir='ltr'>utrumque</span> <span class='ocrx_word' id='word_1_27' title='bbox 435 1803 500 1850; x_wconf 89' lang='lat' dir='ltr'>esse</span> <span class='ocrx_word' id='word_1_28' title='bbox 522 1785 666 1852; x_wconf 85' lang='lat' dir='ltr'>uidearis.</span> <span class='ocrx_word' id='word_1_29' title='bbox 698 1786 797 1852; x_wconf 87' lang='lat' dir='ltr'>amari</span> <span class='ocrx_word' id='word_1_30' title='bbox 811 1805 830 1850; x_wconf 88' lang='lat' dir='ltr'>a</span> <span class='ocrx_word' id='word_1_31' title='bbox 844 1785 933 1852; x_wconf 87' lang='lat' dir='ltr'>nobis</span> <span class='ocrx_word' id='word_1_32' title='bbox 949 1787 1071 1852; x_wconf 85' lang='lat' dir='ltr'>nostros</span> <span class='ocrx_word' id='word_1_33' title='bbox 1087 1780 1255 1852; x_wconf 83' lang='lat' dir='ltr'>honestum</span> 
     </span>
    </p>
   </div>
   <div class='ocr_carea' id='block_1_3' title="bbox 3 1887 1255 1968">
    <p class='ocr_par' dir='ltr' id='par_1_3' title="bbox 3 1887 1255 1968">
     <span class='ocr_line' id='line_1_6' title="bbox 3 1887 1255 1968; baseline 0.001 -14"><span class='ocrx_word' id='word_1_34' title='bbox 3 1915 4 1918; x_wconf 41' lang='lat'>¹</span> <span class='ocrx_word' id='word_1_35' title='bbox 103 1894 185 1968; x_wconf 79' lang='lat' dir='ltr'>cest,</span> <span class='ocrx_word' id='word_1_36' title='bbox 208 1889 289 1954; x_wconf 86' lang='lat' dir='ltr'>laedi</span> <span class='ocrx_word' id='word_1_37' title='bbox 311 1887 471 1954; x_wconf 83' lang='lat' dir='ltr'>acerbum.</span> <span class='ocrx_word' id='word_1_38' title='bbox 495 1891 526 1954; x_wconf 89' lang='lat' dir='ltr'>et</span> <span class='ocrx_word' id='word_1_39' title='bbox 548 1889 654 1954; x_wconf 71' lang='lat' dir='ltr'>mmen</span> <span class='ocrx_word' id='word_1_40' title='bbox 676 1887 735 1955; x_wconf 91' lang='lat' dir='ltr'>hoc</span> <span class='ocrx_word' id='word_1_41' title='bbox 757 1888 896 1954; x_wconf 90' lang='lat' dir='ltr'>eiusdem</span> <span class='ocrx_word' id='word_1_42' title='bbox 912 1889 960 1954; x_wconf 90' lang='lat' dir='ltr'>est</span> <span class='ocrx_word' id='word_1_43' title='bbox 975 1889 1135 1956; x_wconf 88' lang='lat' dir='ltr'>interdum</span> <span class='ocrx_word' id='word_1_44' title='bbox 1156 1889 1255 1957; x_wconf 88' lang='lat' dir='ltr'>animi</span> 
     </span>
    </p>
   </div>
   <div class='ocr_carea' id='block_1_4' title="bbox 0 1644 3 3961">
    <p class='ocr_par' dir='ltr' id='par_1_4' title="bbox 0 1644 3 3961">
     <span class='ocr_line' id='line_1_7' title="bbox 0 1644 3 3961; baseline 0 0"><span class='ocrx_word' id='word_1_45' title='bbox 0 1644 3 3961; x_wconf 95' lang='lat' dir='ltr'> </span> 
     </span>
    </p>
   </div>
   <div class='ocr_carea' id='block_1_5' title="bbox 0 4096 2 4985">
    <p class='ocr_par' dir='ltr' id='par_1_5' title="bbox 0 4096 2 4985">
     <span class='ocr_line' id='line_1_8' title="bbox 0 4096 2 4985; baseline 0 0"><span class='ocrx_word' id='word_1_46' title='bbox 0 4096 2 4985; x_wconf 95' lang='lat' dir='ltr'> </span> 
     </span>
    </p>
   </div>
   <div class='ocr_carea' id='block_1_6' title="bbox 89 1990 1291 4144">
    <p class='ocr_par' dir='ltr' id='par_1_6' title="bbox 89 1990 1291 4144">
     <span class='ocr_line' id='line_1_9' title="bbox 124 1990 1255 2076; baseline 0.002 -18"><span class='ocrx_word' id='word_1_47' title='bbox 124 1993 327 2074; x_wconf 86' lang='lat' dir='ltr'>eiusdemque</span> <span class='ocrx_word' id='word_1_48' title='bbox 349 1991 492 2076; x_wconf 87' lang='lat' dir='ltr'>pietatis:</span> <span class='ocrx_word' id='word_1_49' title='bbox 517 2009 588 2056; x_wconf 89' lang='lat' dir='ltr'>cum</span> <span class='ocrx_word' id='word_1_50' title='bbox 611 1990 713 2074; x_wconf 88' lang='lat' dir='ltr'>specie</span> <span class='ocrx_word' id='word_1_51' title='bbox 735 1992 911 2071; x_wconf 76' lang='lat' dir='ltr'>dissentiat,</span> <span class='ocrx_word' id='word_1_52' title='bbox 933 1994 1053 2058; x_wconf 85' lang='lat' dir='ltr'>ratione</span> <span class='ocrx_word' id='word_1_53' title='bbox 1076 1996 1255 2061; x_wconf 83' lang='lat' dir='ltr'>concordat.</span> 
     </span>
     <span class='ocr_line' id='line_1_10' title="bbox 123 2095 1257 2184; baseline 0.001 -22"><span class='ocrx_word' id='word_1_54' title='bbox 123 2114 215 2162; x_wconf 86' lang='lat' dir='ltr'>amor</span> <span class='ocrx_word' id='word_1_55' title='bbox 245 2095 358 2180; x_wconf 90' lang='lat' dir='ltr'>quippe</span> <span class='ocrx_word' id='word_1_56' title='bbox 386 2114 442 2161; x_wconf 92' lang='lat' dir='ltr'>uos</span> <span class='ocrx_word' id='word_1_57' title='bbox 471 2095 547 2162; x_wconf 82' lang='lat' dir='ltr'>facit</span> <span class='ocrx_word' id='word_1_58' title='bbox 578 2097 699 2161; x_wconf 88' lang='lat' dir='ltr'>nostros</span> <span class='ocrx_word' id='word_1_59' title='bbox 729 2113 851 2179; x_wconf 86' lang='lat' dir='ltr'>amare,</span> <span class='ocrx_word' id='word_1_60' title='bbox 882 2115 969 2162; x_wconf 86' lang='lat' dir='ltr'>amor</span> <span class='ocrx_word' id='word_1_61' title='bbox 989 2098 1149 2164; x_wconf 89' lang='lat' dir='ltr'>interdum</span> <span class='ocrx_word' id='word_1_62' title='bbox 1171 2097 1257 2184; x_wconf 78' lang='lat' dir='ltr'>cogit</span> 
     </span>
     <span class='ocr_line' id='line_1_11' title="bbox 125 2199 1255 2282; baseline 0.002 -18"><span class='ocrx_word' id='word_1_63' title='bbox 125 2199 290 2265; x_wconf 86' lang='lat' dir='ltr'>offendere.</span> <span class='ocrx_word' id='word_1_64' title='bbox 332 2199 500 2282; x_wconf 89' lang='lat' dir='ltr'>utrumque</span> <span class='ocrx_word' id='word_1_65' title='bbox 537 2217 634 2264; x_wconf 92' lang='lat' dir='ltr'>unum</span> <span class='ocrx_word' id='word_1_66' title='bbox 667 2201 731 2279; x_wconf 86' lang='lat' dir='ltr'>est,</span> <span class='ocrx_word' id='word_1_67' title='bbox 770 2218 838 2264; x_wconf 90' lang='lat' dir='ltr'>oum</span> <span class='ocrx_word' id='word_1_68' title='bbox 877 2200 982 2265; x_wconf 88' lang='lat' dir='ltr'>tamen</span> <span class='ocrx_word' id='word_1_69' title='bbox 1019 2200 1108 2266; x_wconf 88' lang='lat' dir='ltr'>aliud</span> <span class='ocrx_word' id='word_1_70' title='bbox 1141 2203 1255 2268; x_wconf 83' lang='lat' dir='ltr'>amoris</span> 
     </span>
     <span class='ocr_line' id='line_1_12' title="bbox 124 2301 1289 2389; baseline 0.002 -21"><span class='ocrx_word' id='word_1_71' title='bbox 124 2301 243 2368; x_wconf 83' lang='lat' dir='ltr'>habeat</span> <span class='ocrx_word' id='word_1_72' title='bbox 270 2303 419 2386; x_wconf 82' lang='lat' dir='ltr'>gratiam,</span> <span class='ocrx_word' id='word_1_73' title='bbox 451 2301 537 2368; x_wconf 84' lang='lat' dir='ltr'>aliud</span> <span class='ocrx_word' id='word_1_74' title='bbox 567 2302 630 2368; x_wconf 92' lang='lat' dir='ltr'>odii</span> <span class='ocrx_word' id='word_1_75' title='bbox 660 2302 799 2384; x_wconf 83' lang='lat' dir='ltr'>patiatur</span> <span class='ocrx_word' id='word_1_76' title='bbox 829 2301 987 2368; x_wconf 85' lang='lat' dir='ltr'>offensam.</span> <span class='ocrx_word' id='word_1_77' title='bbox 1025 2321 1120 2386; x_wconf 88' lang='lat' dir='ltr'>quam</span> <span class='ocrx_word' id='word_1_78' title='bbox 1147 2305 1289 2389; x_wconf 77' lang='lat' dir='ltr'>graue,2</span> 
     </span>
     <span class='ocr_line' id='line_1_13' title="bbox 89 2403 1256 2489; baseline 0.002 -19"><span class='ocrx_word' id='word_1_79' title='bbox 89 2405 196 2482; x_wconf 77' lang='lat' dir='ltr'>nehoo,</span> <span class='ocrx_word' id='word_1_80' title='bbox 219 2423 340 2489; x_wconf 88' lang='lat' dir='ltr'>quaeso,</span> <span class='ocrx_word' id='word_1_81' title='bbox 364 2405 408 2470; x_wconf 93' lang='lat' dir='ltr'>mi</span> <span class='ocrx_word' id='word_1_82' title='bbox 429 2403 636 2486; x_wconf 78' lang='lat' dir='ltr'>dilectissimi,</span> <span class='ocrx_word' id='word_1_83' title='bbox 661 2405 717 2470; x_wconf 86' lang='lat' dir='ltr'>aut</span> <span class='ocrx_word' id='word_1_84' title='bbox 739 2423 831 2486; x_wconf 91' lang='lat' dir='ltr'>quam</span> <span class='ocrx_word' id='word_1_85' title='bbox 855 2403 1001 2472; x_wconf 87' lang='lat' dir='ltr'>acerbum</span> <span class='ocrx_word' id='word_1_86' title='bbox 1024 2409 1081 2489; x_wconf 85' lang='lat' dir='ltr'>est,</span> <span class='ocrx_word' id='word_1_87' title='bbox 1104 2409 1140 2470; x_wconf 93' lang='lat' dir='ltr'>ut</span> <span class='ocrx_word' id='word_1_88' title='bbox 1163 2424 1256 2472; x_wconf 86' lang='lat' dir='ltr'>causa</span> 
     </span>
     <span class='ocr_line' id='line_1_14' title="bbox 123 2507 1255 2592; baseline 0.002 -19"><span class='ocrx_word' id='word_1_89' title='bbox 123 2507 190 2573; x_wconf 92' lang='lat' dir='ltr'>odii</span> <span class='ocrx_word' id='word_1_90' title='bbox 212 2526 298 2573; x_wconf 90' lang='lat' dir='ltr'>amor</span> <span class='ocrx_word' id='word_1_91' title='bbox 320 2525 387 2572; x_wconf 87' lang='lat' dir='ltr'>esse</span> <span class='ocrx_word' id='word_1_92' title='bbox 409 2509 562 2590; x_wconf 80' lang='lat' dir='ltr'>cogatur?</span> <span class='ocrx_word' id='word_1_93' title='bbox 600 2509 682 2589; x_wconf 89' lang='lat' dir='ltr'>quod</span> <span class='ocrx_word' id='word_1_94' title='bbox 710 2507 836 2589; x_wconf 88' lang='lat' dir='ltr'>quidem</span> <span class='ocrx_word' id='word_1_95' title='bbox 864 2525 936 2572; x_wconf 91' lang='lat' dir='ltr'>cum</span> <span class='ocrx_word' id='word_1_96' title='bbox 958 2526 1049 2592; x_wconf 89' lang='lat' dir='ltr'>saepe</span> <span class='ocrx_word' id='word_1_97' title='bbox 1071 2509 1156 2591; x_wconf 85' lang='lat' dir='ltr'>aliis,</span> <span class='ocrx_word' id='word_1_98' title='bbox 1186 2513 1255 2576; x_wconf 90' lang='lat' dir='ltr'>tum</span> 
     </span>
     <span class='ocr_line' id='line_1_15' title="bbox 124 2609 1256 2696; baseline 0.008 -21"><span class='ocrx_word' id='word_1_99' title='bbox 124 2610 223 2676; x_wconf 89' lang='lat' dir='ltr'>etiam</span> <span class='ocrx_word' id='word_1_100' title='bbox 245 2610 323 2676; x_wconf 88' lang='lat' dir='ltr'>mihi</span> <span class='ocrx_word' id='word_1_101' title='bbox 345 2609 495 2677; x_wconf 88' lang='lat' dir='ltr'>accidisse</span> <span class='ocrx_word' id='word_1_102' title='bbox 517 2629 602 2676; x_wconf 92' lang='lat' dir='ltr'>nunc</span> <span class='ocrx_word' id='word_1_103' title='bbox 623 2611 700 2676; x_wconf 88' lang='lat' dir='ltr'>satis</span> <span class='ocrx_word' id='word_1_104' title='bbox 716 2628 834 2692; x_wconf 81' lang='lat' dir='ltr'>uereon,</span> <span class='ocrx_word' id='word_1_105' title='bbox 858 2613 902 2696; x_wconf 89' lang='lat' dir='ltr'>ut,</span> <span class='ocrx_word' id='word_1_106' title='bbox 926 2612 1001 2680; x_wconf 91' lang='lat' dir='ltr'>dum</span> <span class='ocrx_word' id='word_1_107' title='bbox 1024 2610 1256 2684; x_wconf 73' lang='lat' dir='ltr'>adulescentem</span> 
     </span>
     <span class='ocr_line' id='line_1_16' title="bbox 123 2713 1257 2800; baseline 0.002 -20"><span class='ocrx_word' id='word_1_108' title='bbox 123 2715 220 2799; x_wconf 79' lang='lat' dir='ltr'>hunc,</span> <span class='ocrx_word' id='word_1_109' title='bbox 249 2733 340 2797; x_wconf 89' lang='lat' dir='ltr'>quem</span> <span class='ocrx_word' id='word_1_110' title='bbox 371 2715 411 2782; x_wconf 89' lang='lat' dir='ltr'>ad</span> <span class='ocrx_word' id='word_1_111' title='bbox 433 2732 489 2780; x_wconf 93' lang='lat' dir='ltr'>uos</span> <span class='ocrx_word' id='word_1_112' title='bbox 512 2715 595 2799; x_wconf 82' lang='lat' dir='ltr'>misi,</span> <span class='ocrx_word' id='word_1_113' title='bbox 625 2715 749 2780; x_wconf 86' lang='lat' dir='ltr'>tradens</span> <span class='ocrx_word' id='word_1_114' title='bbox 771 2713 945 2782; x_wconf 89' lang='lat' dir='ltr'>indiuiduis</span> <span class='ocrx_word' id='word_1_115' title='bbox 968 2715 1046 2781; x_wconf 90' lang='lat' dir='ltr'>meis</span> <span class='ocrx_word' id='word_1_116' title='bbox 1069 2717 1168 2800; x_wconf 91' lang='lat' dir='ltr'>cupio,</span> <span class='ocrx_word' id='word_1_117' title='bbox 1198 2716 1257 2783; x_wconf 91' lang='lat' dir='ltr'>uni</span> 
     </span>
     <span class='ocr_line' id='line_1_17' title="bbox 123 2817 1254 2902; baseline 0.004 -21"><span class='ocrx_word' id='word_1_118' title='bbox 123 2817 256 2882; x_wconf 87' lang='lat' dir='ltr'>studens</span> <span class='ocrx_word' id='word_1_119' title='bbox 283 2817 393 2884; x_wconf 89' lang='lat' dir='ltr'>multis</span> <span class='ocrx_word' id='word_1_120' title='bbox 422 2817 574 2884; x_wconf 87' lang='lat' dir='ltr'>molestus</span> <span class='ocrx_word' id='word_1_121' title='bbox 603 2819 679 2902; x_wconf 80' lang='lat' dir='ltr'>sim,</span> <span class='ocrx_word' id='word_1_122' title='bbox 713 2818 747 2882; x_wconf 92' lang='lat' dir='ltr'>et</span> <span class='ocrx_word' id='word_1_123' title='bbox 768 2836 856 2883; x_wconf 88' lang='lat' dir='ltr'>amor</span> <span class='ocrx_word' id='word_1_124' title='bbox 878 2818 943 2884; x_wconf 87' lang='lat' dir='ltr'>eius</span> <span class='ocrx_word' id='word_1_125' title='bbox 967 2819 1085 2886; x_wconf 84' lang='lat' dir='ltr'>offensa</span> <span class='ocrx_word' id='word_1_126' title='bbox 1105 2820 1150 2888; x_wconf 86' lang='lat' dir='ltr'>sit</span> <span class='ocrx_word' id='word_1_127' title='bbox 1171 2821 1254 2888; x_wconf 87' lang='lat' dir='ltr'>cete-</span> 
     </span>
     <span class='ocr_line' id='line_1_18' title="bbox 91 2921 1254 3006; baseline 0 -18"><span class='ocrx_word' id='word_1_128' title='bbox 91 2939 243 3000; x_wconf 81' lang='lat' dir='ltr'>nrorum,</span> <span class='ocrx_word' id='word_1_129' title='bbox 266 2939 457 3006; x_wconf 88' lang='lat' dir='ltr'>quamquam</span> <span class='ocrx_word' id='word_1_130' title='bbox 479 2921 523 3000; x_wconf 88' lang='lat' dir='ltr'>hi,</span> <span class='ocrx_word' id='word_1_131' title='bbox 545 2921 599 3004; x_wconf 90' lang='lat' dir='ltr'>qui</span> <span class='ocrx_word' id='word_1_132' title='bbox 621 2921 699 2988; x_wconf 85' lang='lat' dir='ltr'>satis</span> <span class='ocrx_word' id='word_1_133' title='bbox 722 2921 868 3005; x_wconf 86' lang='lat' dir='ltr'>diligunt,</span> <span class='ocrx_word' id='word_1_134' title='bbox 892 2939 953 2988; x_wconf 92' lang='lat' dir='ltr'>non</span> <span class='ocrx_word' id='word_1_135' title='bbox 969 2923 1030 2987; x_wconf 91' lang='lat' dir='ltr'>cito</span> <span class='ocrx_word' id='word_1_136' title='bbox 1046 2923 1254 2990; x_wconf 83' lang='lat' dir='ltr'>offendantur.</span> 
     </span>
     <span class='ocr_line' id='line_1_19' title="bbox 124 3024 1289 3110; baseline 0.004 -21"><span class='ocrx_word' id='word_1_137' title='bbox 124 3024 180 3090; x_wconf 87' lang='lat' dir='ltr'>sed</span> <span class='ocrx_word' id='word_1_138' title='bbox 210 3043 264 3110; x_wconf 81' lang='lat' dir='ltr'>ego</span> <span class='ocrx_word' id='word_1_139' title='bbox 293 3024 536 3090; x_wconf 86' lang='lat' dir='ltr'>insinuationem</span> <span class='ocrx_word' id='word_1_140' title='bbox 562 3040 670 3090; x_wconf 73' lang='lat' dir='ltr'>,meam</span> <span class='ocrx_word' id='word_1_141' title='bbox 700 3025 803 3090; x_wconf 90' lang='lat' dir='ltr'>minus</span> <span class='ocrx_word' id='word_1_142' title='bbox 832 3025 956 3108; x_wconf 85' lang='lat' dir='ltr'>gratam</span> <span class='ocrx_word' id='word_1_143' title='bbox 978 3025 1043 3092; x_wconf 83' lang='lat' dir='ltr'>fore</span> <span class='ocrx_word' id='word_1_144' title='bbox 1065 3025 1289 3109; x_wconf 78' lang='lat' dir='ltr'>quibusdam3</span> 
     </span>
     <span class='ocr_line' id='line_1_20' title="bbox 123 3125 1254 3212; baseline 0.002 -20"><span class='ocrx_word' id='word_1_145' title='bbox 123 3127 259 3205; x_wconf 89' lang='lat' dir='ltr'>timens,</span> <span class='ocrx_word' id='word_1_146' title='bbox 291 3127 388 3192; x_wconf 89' lang='lat' dir='ltr'>etiam</span> <span class='ocrx_word' id='word_1_147' title='bbox 416 3125 670 3194; x_wconf 87' lang='lat' dir='ltr'>imminutionem</span> <span class='ocrx_word' id='word_1_148' title='bbox 693 3129 812 3211; x_wconf 86' lang='lat' dir='ltr'>gratiae</span> <span class='ocrx_word' id='word_1_149' title='bbox 836 3127 985 3194; x_wconf 89' lang='lat' dir='ltr'>offensam</span> <span class='ocrx_word' id='word_1_150' title='bbox 1007 3129 1093 3212; x_wconf 88' lang='lat' dir='ltr'>puto.</span> <span class='ocrx_word' id='word_1_151' title='bbox 1130 3129 1254 3212; x_wconf 87' lang='lat' dir='ltr'>placere</span> 
     </span>
     <span class='ocr_line' id='line_1_21' title="bbox 125 3229 1291 3313; baseline 0.005 -17"><span class='ocrx_word' id='word_1_152' title='bbox 125 3232 210 3296; x_wconf 87' lang='lat' dir='ltr'>enim</span> <span class='ocrx_word' id='word_1_153' title='bbox 225 3230 345 3298; x_wconf 86' lang='lat' dir='ltr'>dilectis</span> <span class='ocrx_word' id='word_1_154' title='bbox 360 3231 439 3296; x_wconf 91' lang='lat' dir='ltr'>meis</span> <span class='ocrx_word' id='word_1_155' title='bbox 454 3229 627 3313; x_wconf 87' lang='lat' dir='ltr'>plurimum</span> <span class='ocrx_word' id='word_1_156' title='bbox 650 3231 776 3312; x_wconf 86' lang='lat' dir='ltr'>cupiens</span> <span class='ocrx_word' id='word_1_157' title='bbox 791 3230 969 3298; x_wconf 85' lang='lat' dir='ltr'>molestiam</span> <span class='ocrx_word' id='word_1_158' title='bbox 991 3231 1119 3298; x_wconf 78' lang='lat' dir='ltr'>iliorum</span> <span class='ocrx_word' id='word_1_159' title='bbox 1134 3235 1256 3298; x_wconf 87' lang='lat' dir='ltr'>reatum</span> <span class='ocrx_word' id='word_1_160' title='bbox 1287 3294 1291 3302; x_wconf 86' lang='lat'><em>.</em></span> 
     </span>
     <span class='ocr_line' id='line_1_22' title="bbox 124 3325 1256 3422; baseline 0 -22"><span class='ocrx_word' id='word_1_161' title='bbox 124 3353 235 3400; x_wconf 88' lang='lat' dir='ltr'>meum</span> <span class='ocrx_word' id='word_1_162' title='bbox 258 3334 357 3412; x_wconf 88' lang='lat' dir='ltr'>oredo,</span> <span class='ocrx_word' id='word_1_163' title='bbox 381 3336 414 3400; x_wconf 90' lang='lat' dir='ltr'>et</span> <span class='ocrx_word' id='word_1_164' title='bbox 435 3335 497 3422; x_wconf 89' lang='lat' dir='ltr'>nisi</span> <span class='ocrx_word' id='word_1_165' title='bbox 519 3332 563 3398; x_wconf 89' lang='lat' dir='ltr'>eis</span> <span class='ocrx_word' id='word_1_166' title='bbox 588 3335 665 3401; x_wconf 86' lang='lat' dir='ltr'>satis</span> <span class='ocrx_word' id='word_1_167' title='bbox 678 3334 833 3418; x_wconf 81' lang='lat' dir='ltr'>placuero,</span> <span class='ocrx_word' id='word_1_168' title='bbox 856 3334 1044 3419; x_wconf 85' lang='lat' dir='ltr'>supplicium</span> <span class='ocrx_word' id='word_1_169' title='bbox 1061 3325 1256 3418; x_wconf 86' lang='lat' dir='ltr'>displicentis</span> 
     </span>
     <span class='ocr_line' id='line_1_23' title="bbox 90 3436 1291 3524; baseline -0.001 -21"><span class='ocrx_word' id='word_1_170' title='bbox 90 3439 215 3504; x_wconf 75' lang='lat' dir='ltr'>sotera·</span> <span class='ocrx_word' id='word_1_171' title='bbox 240 3456 430 3522; x_wconf 85' lang='lat' dir='ltr'>quamquam</span> <span class='ocrx_word' id='word_1_172' title='bbox 464 3437 522 3504; x_wconf 88' lang='lat' dir='ltr'>hoc</span> <span class='ocrx_word' id='word_1_173' title='bbox 555 3437 758 3503; x_wconf 87' lang='lat' dir='ltr'>metuendum</span> <span class='ocrx_word' id='word_1_174' title='bbox 779 3438 813 3524; x_wconf 86' lang='lat' dir='ltr'>in</span> <span class='ocrx_word' id='word_1_175' title='bbox 835 3439 925 3505; x_wconf 87' lang='lat' dir='ltr'>uobis</span> <span class='ocrx_word' id='word_1_176' title='bbox 959 3439 1083 3506; x_wconf 89' lang='lat' dir='ltr'>omniuo</span> <span class='ocrx_word' id='word_1_177' title='bbox 1110 3457 1173 3506; x_wconf 89' lang='lat' dir='ltr'>uon</span> <span class='ocrx_word' id='word_1_178' title='bbox 1203 3436 1291 3521; x_wconf 85' lang='lat' dir='ltr'>sit,4</span> 
     </span>
     <span class='ocr_line' id='line_1_24' title="bbox 125 3539 1256 3628; baseline 0.002 -22"><span class='ocrx_word' id='word_1_179' title='bbox 125 3542 180 3624; x_wconf 88' lang='lat' dir='ltr'>qui</span> <span class='ocrx_word' id='word_1_180' title='bbox 214 3543 318 3606; x_wconf 91' lang='lat' dir='ltr'>totum</span> <span class='ocrx_word' id='word_1_181' title='bbox 346 3560 396 3608; x_wconf 90' lang='lat' dir='ltr'>me</span> <span class='ocrx_word' id='word_1_182' title='bbox 418 3540 452 3606; x_wconf 94' lang='lat' dir='ltr'>in</span> <span class='ocrx_word' id='word_1_183' title='bbox 474 3559 529 3606; x_wconf 90' lang='lat' dir='ltr'>uos</span> <span class='ocrx_word' id='word_1_184' title='bbox 560 3539 746 3627; x_wconf 82' lang='lat' dir='ltr'>recipientes</span> <span class='ocrx_word' id='word_1_185' title='bbox 778 3541 881 3606; x_wconf 86' lang='lat' dir='ltr'>etiam</span> <span class='ocrx_word' id='word_1_186' title='bbox 909 3543 994 3626; x_wconf 87' lang='lat' dir='ltr'>opud</span> <span class='ocrx_word' id='word_1_187' title='bbox 1027 3543 1105 3609; x_wconf 86' lang='lat' dir='ltr'>elios</span> <span class='ocrx_word' id='word_1_188' title='bbox 1128 3562 1183 3628; x_wconf 89' lang='lat' dir='ltr'>pro</span> <span class='ocrx_word' id='word_1_189' title='bbox 1206 3561 1256 3608; x_wconf 86' lang='lat' dir='ltr'>me</span> 
     </span>
     <span class='ocr_line' id='line_1_25' title="bbox 123 3643 1255 3729; baseline 0 -19"><span class='ocrx_word' id='word_1_190' title='bbox 123 3644 256 3710; x_wconf 89' lang='lat' dir='ltr'>timetis.</span> <span class='ocrx_word' id='word_1_191' title='bbox 287 3645 412 3710; x_wconf 86' lang='lat' dir='ltr'>tantum</span> <span class='ocrx_word' id='word_1_192' title='bbox 435 3645 518 3709; x_wconf 91' lang='lat' dir='ltr'>euim</span> <span class='ocrx_word' id='word_1_193' title='bbox 542 3643 631 3708; x_wconf 88' lang='lat' dir='ltr'>abest</span> <span class='ocrx_word' id='word_1_194' title='bbox 653 3646 689 3708; x_wconf 91' lang='lat' dir='ltr'>nt</span> <span class='ocrx_word' id='word_1_195' title='bbox 712 3643 874 3728; x_wconf 87' lang='lat' dir='ltr'>displicere</span> <span class='ocrx_word' id='word_1_196' title='bbox 896 3661 952 3729; x_wconf 84' lang='lat' dir='ltr'>ego</span> <span class='ocrx_word' id='word_1_197' title='bbox 976 3645 1102 3710; x_wconf 84' lang='lat' dir='ltr'>caritati</span> <span class='ocrx_word' id='word_1_198' title='bbox 1124 3663 1163 3712; x_wconf 88' lang='lat' dir='ltr'>ao</span> <span class='ocrx_word' id='word_1_199' title='bbox 1185 3664 1255 3711; x_wconf 90' lang='lat' dir='ltr'>son·</span> 
     </span>
     <span class='ocr_line' id='line_1_26' title="bbox 125 3745 1255 3832; baseline 0 -18"><span class='ocrx_word' id='word_1_200' title='bbox 125 3747 175 3814; x_wconf 91' lang='lat' dir='ltr'>sui</span> <span class='ocrx_word' id='word_1_201' title='bbox 198 3748 304 3814; x_wconf 89' lang='lat' dir='ltr'>uestro</span> <span class='ocrx_word' id='word_1_202' title='bbox 326 3747 451 3832; x_wconf 88' lang='lat' dir='ltr'>possim,</span> <span class='ocrx_word' id='word_1_203' title='bbox 476 3748 513 3812; x_wconf 90' lang='lat' dir='ltr'>ut</span> <span class='ocrx_word' id='word_1_204' title='bbox 534 3745 629 3812; x_wconf 90' lang='lat' dir='ltr'>etiam</span> <span class='ocrx_word' id='word_1_205' title='bbox 652 3745 732 3812; x_wconf 92' lang='lat' dir='ltr'>illud</span> <span class='ocrx_word' id='word_1_206' title='bbox 756 3766 878 3813; x_wconf 89' lang='lat' dir='ltr'>meeum</span> <span class='ocrx_word' id='word_1_207' title='bbox 902 3747 1120 3831; x_wconf 83' lang='lat' dir='ltr'>reformidetis,</span> <span class='ocrx_word' id='word_1_208' title='bbox 1144 3769 1183 3814; x_wconf 92' lang='lat' dir='ltr'>ne</span> <span class='ocrx_word' id='word_1_209' title='bbox 1198 3767 1255 3832; x_wconf 86' lang='lat' dir='ltr'>ego</span> 
     </span>
     <span class='ocr_line' id='line_1_27' title="bbox 124 3841 1255 3934; baseline -0.001 -17"><span class='ocrx_word' id='word_1_210' title='bbox 124 3849 314 3934; x_wconf 87' lang='lat' dir='ltr'>quibusdam</span> <span class='ocrx_word' id='word_1_211' title='bbox 336 3851 417 3917; x_wconf 89' lang='lat' dir='ltr'>forte</span> <span class='ocrx_word' id='word_1_212' title='bbox 440 3849 632 3934; x_wconf 78' lang='lat' dir='ltr'>displiceam,</span> <span class='ocrx_word' id='word_1_213' title='bbox 656 3841 700 3916; x_wconf 89' lang='lat' dir='ltr'>mi</span> <span class='ocrx_word' id='word_1_214' title='bbox 723 3849 897 3917; x_wconf 74' lang='lat' dir='ltr'>dulcissimi</span> <span class='ocrx_word' id='word_1_215' title='bbox 912 3869 949 3916; x_wconf 88' lang='lat' dir='ltr'>ac</span> <span class='ocrx_word' id='word_1_216' title='bbox 963 3849 1160 3918; x_wconf 88' lang='lat' dir='ltr'>dilectissimi</span> <span class='ocrx_word' id='word_1_217' title='bbox 1182 3851 1255 3918; x_wconf 89' lang='lat' dir='ltr'>mei.</span> 
     </span>
     <span class='ocr_line' id='line_1_28' title="bbox 89 3953 1290 4040; baseline 0.001 -18"><span class='ocrx_word' id='word_1_218' title='bbox 89 3957 316 4039; x_wconf 72' lang='lat' dir='ltr'>madulescens,</span> <span class='ocrx_word' id='word_1_219' title='bbox 346 3975 438 4040; x_wconf 90' lang='lat' dir='ltr'>quem</span> <span class='ocrx_word' id='word_1_220' title='bbox 460 3953 501 4021; x_wconf 86' lang='lat' dir='ltr'>od</span> <span class='ocrx_word' id='word_1_221' title='bbox 530 3973 586 4021; x_wconf 90' lang='lat' dir='ltr'>uos</span> <span class='ocrx_word' id='word_1_222' title='bbox 616 3955 700 4039; x_wconf 87' lang='lat' dir='ltr'>misi,</span> <span class='ocrx_word' id='word_1_223' title='bbox 729 3955 921 4040; x_wconf 79' lang='lat' dir='ltr'>Agrippinae</span> <span class='ocrx_word' id='word_1_224' title='bbox 952 3975 1023 4022; x_wconf 88' lang='lat' dir='ltr'>cum</span> <span class='ocrx_word' id='word_1_225' title='bbox 1052 3956 1118 4022; x_wconf 89' lang='lat' dir='ltr'>suis</span> <span class='ocrx_word' id='word_1_226' title='bbox 1148 3957 1290 4040; x_wconf 75' lang='lat' dir='ltr'>captust&gt;</span> 
     </span>
     <span class='ocr_line' id='line_1_29' title="bbox 125 4058 1257 4144; baseline 0.001 -20"><span class='ocrx_word' id='word_1_227' title='bbox 125 4063 194 4144; x_wconf 84' lang='lat' dir='ltr'>est,</span> <span class='ocrx_word' id='word_1_228' title='bbox 229 4059 383 4143; x_wconf 88' lang='lat' dir='ltr'>quondam</span> <span class='ocrx_word' id='word_1_229' title='bbox 417 4060 503 4125; x_wconf 81' lang='lat' dir='ltr'>inter</span> <span class='ocrx_word' id='word_1_230' title='bbox 536 4077 607 4126; x_wconf 87' lang='lat' dir='ltr'>snos</span> <span class='ocrx_word' id='word_1_231' title='bbox 639 4077 700 4125; x_wconf 87' lang='lat' dir='ltr'>non</span> <span class='ocrx_word' id='word_1_232' title='bbox 732 4060 823 4143; x_wconf 85' lang='lat' dir='ltr'>parui</span> <span class='ocrx_word' id='word_1_233' title='bbox 854 4058 1007 4143; x_wconf 90' lang='lat' dir='ltr'>nominis,</span> <span class='ocrx_word' id='word_1_234' title='bbox 1042 4059 1163 4125; x_wconf 84' lang='lat' dir='ltr'>familia</span> <span class='ocrx_word' id='word_1_235' title='bbox 1196 4077 1257 4125; x_wconf 88' lang='lat' dir='ltr'>uon</span> 
     </span>
    </p>
   </div>
   <div class='ocr_carea' id='block_1_7' title="bbox 125 4245 1257 4402">
    <p class='ocr_par' dir='ltr' id='par_1_7' title="bbox 125 4245 1257 4402">
     <span class='ocr_line' id='line_1_30' title="bbox 179 4245 1257 4316; baseline 0.001 -15"><span class='ocrx_word' id='word_1_236' title='bbox 179 4249 192 4301; x_wconf 91' lang='lat'>1</span> <span class='ocrx_word' id='word_1_237' title='bbox 212 4247 359 4316; x_wconf 75' lang='lat' dir='ltr'>tmoriptio</span> <span class='ocrx_word' id='word_1_238' title='bbox 376 4249 449 4303; x_wconf 71' lang='lat' dir='ltr'>deest</span> <span class='ocrx_word' id='word_1_239' title='bbox 465 4247 499 4302; x_wconf 73' lang='lat' dir='ltr'>io</span> <span class='ocrx_word' id='word_1_240' title='bbox 520 4247 543 4304; x_wconf 81' lang='lat' dir='ltr'><strong><em>G</em></strong></span> <span class='ocrx_word' id='word_1_241' title='bbox 642 4247 671 4302; x_wconf 89' lang='lat'>11</span> <span class='ocrx_word' id='word_1_242' title='bbox 691 4250 751 4302; x_wconf 88' lang='lat' dir='ltr'>tum</span> <span class='ocrx_word' id='word_1_243' title='bbox 770 4247 915 4303; x_wconf 73' lang='lat' dir='ltr'>Pithoeuse</span> <span class='ocrx_word' id='word_1_244' title='bbox 934 4263 993 4301; x_wconf 88' lang='lat' dir='ltr'>cum</span> <span class='ocrx_word' id='word_1_245' title='bbox 1016 4247 1039 4302; x_wconf 81' lang='grc' dir='ltr'><em>Ο</em></span> <span class='ocrx_word' id='word_1_246' title='bbox 1131 4247 1166 4302; x_wconf 82' lang='grc'>25</span> <span class='ocrx_word' id='word_1_247' title='bbox 1183 4245 1257 4316; x_wconf 73' lang='lat' dir='ltr'>egri-</span> 
     </span>
     <span class='ocr_line' id='line_1_31' title="bbox 125 4333 387 4402; baseline 0.004 -15"><span class='ocrx_word' id='word_1_248' title='bbox 125 4334 205 4402; x_wconf 78' lang='lat' dir='ltr'>pinoe</span> <span class='ocrx_word' id='word_1_249' title='bbox 228 4333 331 4390; x_wconf 75' lang='lat' dir='ltr'>Citam</span> <span class='ocrx_word' id='word_1_250' title='bbox 349 4335 387 4388; x_wconf 87' lang='grc'>30</span> 
     </span>
    </p>
   </div>
   <div class='ocr_carea' id='block_1_8' title="bbox 0 0 1540 5012">
    <p class='ocr_par' dir='ltr' id='par_1_8' title="bbox 0 0 1540 5012">
     <span class='ocr_line' id='line_1_32' title="bbox 0 0 1540 5012; baseline 0 0"><span class='ocrx_word' id='word_1_251' title='bbox 0 0 1540 5012; x_wconf 95' lang='lat' dir='ltr'> </span> 
     </span>
    </p>
   </div>
  </div>
 </body>
</html>
