3068 5012
584 436 737 505 epistola
756 435 823 490 IIII.
1205 439 1266 506 207

134 625 218 706 qued
242 625 380 690 dicturus
402 643 482 690 sum.
514 626 586 708 peto
609 626 734 708 quidem
756 625 892 709 ueniam,
916 628 989 710 quia
1006 626 1190 710 irascemini,
1214 629 1298 695 seeo

136 745 199 793 non
221 745 349 810 possum
381 729 482 794 elicere
506 729 627 794 malum
650 745 716 794 essa
739 730 822 812 quod
845 728 914 795 teci.
953 730 1028 796 haec
1058 729 1156 814 igitur
1185 732 1268 813 apud

135 850 192 896 nos
215 851 285 897 meo
301 832 437 898 ¹nemine
460 833 491 896 et
521 833 610 915 quasi
641 833 793 914 peculiari
822 847 920 916 prece.
949 849 1038 901 'nunc
1056 837 1106 911 tu,
1130 851 1147 897 o
1171 834 1267 899 dilec-

135 936 262 1001 tissima
289 953 325 1001 ae
352 936 622 1004 uenerabilisslma
652 955 747 1015 soror,
778 954 855 1019 quae
884 935 962 1001 mihi
993 936 1213 1002 barbarior
1235 955 1267 1002 os

112 1056 230 1120 aquam
260 1039 357 1123 prius,
388 1043 503 1124 quanto
532 1041 604 1124 plus
632 1038 738 1104 asnis
770 1039 900 1106 enectus
929 1041 1074 1106 conuenit
1103 1038 1203 1124 diligi,
1234 1041 1267 1104 in

135 1141 249 1223 quibus
272 1159 305 1207 se
327 1142 430 1226 ipsum
453 1143 597 1210 Christus
617 1144 727 1210 iecerit
747 1143 857 1221 amari,
882 1143 1014 1227 fungere
1035 1142 1180 1226 partibus
1203 1145 1266 1208 tuis

134 1244 232 1309 simul
255 1244 403 1328 meisque.
436 1265 488 1312 ora
509 1249 545 1313 tn
568 1247 604 1312 nt
626 1265 684 1330 ege
705 1245 867 1331 inpetrem,
891 1249 926 1312 tu
948 1242 1123 1332 pertuleri
1137 1249 1267 1329 uterque

133 1348 310 1414 uincamus.
355 1349 512 1428 osculare,
547 1351 621 1432 quia
654 1350 763 1416 absens
798 1349 904 1416 labiis.
926 1367 987 1416 non
1022 1350 1125 1424 uales,
1160 1348 1267 1414 saltim

134 1451 349 1516 obsecratione
382 1454 475 1534 pedes
508 1456 676 1536 parentum
709 1455 836 1519 tuorum
871 1455 960 1536 quasi
993 1452 1119 1532 ancilla,
1154 1469 1266 1516 manus

11 1579 12 1582 ¹
97 1554 224 1636 aequasi
254 1555 390 1637 alumna,
423 1573 476 1620 ora
505 1556 593 1638 quasi
624 1554 700 1620 filia.
738 1575 776 1620 ne
802 1557 1006 1638 trepidauerir
1037 1573 1075 1619 ne
1106 1554 1265 1619 timueris:
1279 1552 1319 1619 10

133 1657 233 1720 bones
257 1657 373 1722 iudices
396 1657 557 1734 habemus,
581 1657 712 1723 affectus
734 1658 802 1740 ipss
825 1676 880 1740 pro
903 1661 935 1723 ta
958 1660 1036 1738 orat,
1060 1658 1175 1722 nature
1197 1657 1266 1738 ipsa

131 1758 195 1824 tibi
219 1762 367 1843 postulat,
391 1760 542 1844 suffragia
564 1778 675 1824 causae
697 1761 771 1824 tuae
792 1759 827 1824 in
841 1762 967 1826 tuorum
983 1759 1142 1825 mentibus
1158 1760 1265 1844 habes,

133 1863 198 1928 cito
222 1865 364 1928 adnuunt
388 1865 441 1946 qui
464 1882 519 1928 suo
542 1863 601 1946 ipsi
625 1880 729 1928 amore
756 1867 953 1944 superantur.
991 1866 1117 1929 obsecra
1139 1881 1211 1946 argo
1234 1865 1266 1928 et

9 1909 11 2040 l
132 1967 264 2048 supplex
288 1966 400 2031 dicito:
430 1968 505 2050 quid
532 1967 591 2032 feei
619 1967 695 2049 quid
718 1969 914 2034 commerui?
941 1967 1096 2053 ignoscite
1119 1966 1266 2050 quicquid

95 2091 122 2131 15
131 2068 216 2133 illud
247 2070 303 2144 est,
333 2071 458 2134 ueniam
487 2071 567 2154 pete,
596 2071 656 2136 etsi
679 2071 828 2136 delictum
853 2072 965 2136 nescio.
1004 2088 1177 2152 numquam
1199 2089 1264 2150 uos,
1277 2066 1315 2131 11

8 2251 9 2260 ἵ
131 2174 171 2237 ut
192 2171 255 2254 ipsi
278 2173 376 2251 scitis,
399 2173 630 2239 inofficiositate
652 2176 707 2239 aut
731 2176 924 2240 contumacia
944 2174 1067 2254 offendi,
1092 2191 1266 2256 numquam

131 2276 230 2340 uerbo
254 2276 410 2357 asperiore
432 2277 518 2355 laesi,
549 2294 721 2358 numquam
749 2277 843 2341 uultu
865 2278 1057 2358 preteruiera
1079 2275 1207 2341 uiolari.
1247 2295 1266 2341 a

130 2378 225 2444 uobis
249 2397 319 2443 sum
342 2380 408 2444 nire
431 2379 556 2457 tradita,
582 2398 600 2443 a
622 2379 710 2444 uobis
733 2378 857 2462 coniugi
880 2380 1068 2461 mancipata.
1106 2382 1206 2460 teneo,
1230 2379 1265 2443 ni

131 2482 237 2561 fallor,
272 2485 418 2548 mandata
452 2483 565 2566 uestra,
599 2483 706 2548 haeret
740 2482 881 2548 sensibus
910 2481 988 2546 mais
1019 2486 1162 2547 sanctum
1193 2482 1264 2564 piae
1298 2489 1300 2496 '

95 2585 362 2668 upraeceptionis
392 2603 548 2652 arcannm.
587 2587 774 2670 morigeram
796 2604 856 2664 me,
887 2589 922 2650 ut
945 2587 1030 2668 puto,
1064 2587 1137 2649 ante
1159 2584 1264 2650 omnia

131 2693 201 2754 niro
228 2708 299 2755 ‘esse
328 2689 470 2754 iussistis.
513 2689 636 2754 uestrae
667 2689 821 2754 uoluntati
860 2687 1009 2754 obsecuta
1043 2707 1114 2754 sum
1144 2692 1264 2754 uestrae

130 2793 266 2858 iussioni
296 2793 524 2874 obtemperari:
555 2791 604 2856 illi
635 2791 669 2856 in
698 2792 843 2857 omnibus
873 2793 972 2876 parui,
1003 2793 1052 2857 cul
1075 2811 1125 2856 me
1155 2811 1264 2874 parere

130 2895 292 2960 uoluistis.
323 2896 473 2961 inuitauit
494 2913 544 2959 me
570 2896 611 2960 ad
634 2895 818 2980 religionem
841 2896 992 2960 inuitauit
1014 2900 1053 2962 ad
1076 2897 1263 2961 castitatem.
1275 2889 1317 2957 12

131 3000 206 3064 date
228 2999 363 3074 ueniam,
385 3000 476 3080 turpe
502 2998 618 3063 credidi
640 2999 805 3082 reluctari;
835 3017 885 3063 nes
912 2999 990 3063 mihi
1018 3003 1192 3064 uerecunda
1215 3017 1263 3063 res

96 3103 254 3185 mpudens
276 3121 325 3167 res
348 3104 457 3167 sancta
478 3103 546 3167 uisa
567 3105 624 3166 est.
649 3103 757 3178 fateor,
782 3122 853 3166 cum
869 3106 906 3167 de
924 3104 983 3168 tali
998 3103 1123 3184 negotio
1140 3122 1263 3168 mecum

7 3273 8 3276 ,
131 3206 250 3289 ageret,
285 3205 395 3270 erubui
428 3205 509 3288 quod
542 3224 604 3270 non
635 3222 691 3288 ego
722 3207 795 3269 ante
827 3205 1005 3287 coepissem.
1044 3207 1103 3270 hue
1132 3207 1264 3272 accessit

129 3309 229 3373 etiam
252 3309 427 3374 reuerentia
442 3306 562 3373 Christi
579 3311 610 3372 ct
634 3308 777 3374 affectus:
801 3309 929 3374 honeste
951 3327 1001 3372 me
1024 3309 1124 3373 facere
1146 3308 1263 3373 credidi

7 3421 8 3428 ’
129 3412 280 3493 quicquid
314 3410 364 3476 dei
398 3429 503 3476 emere
536 3412 686 3476 iecissem.
726 3412 876 3477 aduoluor
910 3415 1032 3490 uestris,
1068 3431 1084 3478 e
1115 3416 1262 3496 parentes
1274 3415 1316 3480 13

130 3515 302 3590 carissimi,
338 3517 467 3596 pedibus
497 3516 552 3580 illa
586 3534 642 3600 ege
675 3522 782 3582 uestra
810 3517 969 3595 Palladia,
1004 3519 1109 3583 nestra
1136 3516 1279 3601 gracula,

93 3619 239 3683 eeuestra
267 3619 425 3697 domnula,
455 3639 526 3684 cum
556 3638 617 3702 qua
646 3620 693 3684 his
717 3624 764 3687 tot
782 3621 948 3686 uocabulis
978 3621 1131 3703 qnondam
1156 3622 1261 3686 indul·

129 3721 320 3806 gentissima
342 3725 459 3804 pietate
482 3724 614 3799 lusistis,
638 3743 716 3807 quae
739 3723 828 3790 uobis
848 3726 1007 3806 penuaria
1028 3723 1156 3789 nemina
1179 3741 1262 3788 nunc

128 3825 192 3891 fnit
214 3829 315 3890 mater
338 3846 419 3892 nnnc
439 3825 563 3893 anicula
587 3846 669 3892 nunc
685 3828 818 3904 domina,
841 3847 912 3894 eum
928 3834 1010 3894 esset
1028 3826 1148 3893 scilicet
1164 3845 1260 3891 unnim

128 3928 320 3995 uocabulum
347 3930 467 4010 generis
499 3931 584 3995 aliud
607 3930 756 3995 infantiae
780 3933 909 3996 tertium
932 3930 1104 4014 dignitatis.
1143 3949 1180 3994 en
1204 3947 1259 4012 ego
1371 3920 1372 3923 ’

128 4033 187 4098 illa
216 4051 296 4109 snm,
328 4052 383 4114 per
405 4050 498 4115 quam
521 4033 608 4099 uobis
635 4035 690 4099 illa
719 4034 855 4114 primum
879 4044 911 4097 et
937 4036 1102 4116 parentum
1133 4033 1261 4097 nomina

182 4204 366 4259 lirascemini
383 4205 406 4260 0
426 4205 572 4259 irascimini
586 4222 646 4261 cum
659 4205 720 4260 edet.
733 4205 863 4260 Halmius
963 4204 1194 4259 hemeraeo

128 4291 239 4345 affectus
257 4306 291 4346 ac
312 4289 422 4346 affectos
444 4290 466 4347 0
486 4293 558 4346 Μ
662 4294 770 4344 naturae
798 4291 821 4346 0
924 4291 956 4345 lo
979 4290 1145 4345 contumatia
1172 4290 1194 4346 0

129 4377 162 4431 21
181 4381 229 4432 nra
249 4380 324 4446 (post
341 4377 470 4444 iussistis)
493 4377 516 4433 0
617 4379 651 4432 29
669 4379 784 4448 gungula
806 4378 829 4434 O
929 4378 1021 4432 oanni
1038 4378 1175 4432 Betucius
