3068 5012
444 415 481 470 da
499 414 636 485 gubern.
652 413 704 469 dei
722 413 791 469 VIII
810 419 825 481 5
846 414 956 470 12-19,
1201 417 1261 482 197

131 603 192 670 filii
223 605 324 686 pietas
353 605 484 688 paterna
512 606 685 686 torquetur,
717 601 819 669 itaet
845 621 917 670 cum
947 621 1056 670 seruus
1078 604 1128 670 dei
1149 624 1168 671 a
1189 623 1264 688 quo·

132 726 232 791 qnam
252 707 400 787 laeditur,
426 708 574 773 maiestas
595 706 703 772 diuina
724 706 872 789 uiolatur,
901 706 1024 774 dicente
1045 707 1080 774 id
1101 708 1204 792 ipsum
1226 709 1267 774 ad

131 811 290 894 apostolor
313 828 384 877 snos
407 810 547 875 dominc:
578 811 644 894 qui
671 829 740 876 uer
768 809 930 894 recipit,
959 829 1016 876 me
1038 809 1206 895 recipit,
1229 812 1267 875 et

132 913 201 998 qui
225 933 292 980 uos
322 917 491 996 spernit,
525 933 582 980 me
609 914 775 997 spernit.
814 913 1056 998 benignissimus
1085 914 1208 980 scilicet
1229 911 1317 980 aclb

108 1016 296 1100 rpiissimus
311 1017 456 1084 dominus
478 1035 678 1084 communem
693 1017 755 1083 sibi
770 1036 843 1084 cum
865 1019 966 1083 seruis
989 1017 1056 1084 suis
1071 1021 1102 1084 et
1116 1017 1265 1084 honorem

131 1120 231 1186 simu]
253 1124 286 1185 ct
306 1121 531 1188 contumeliam
553 1121 640 1200 iacit,
663 1140 703 1186 ne
719 1121 798 1204 quis,
821 1140 891 1188 cum
908 1121 1047 1188 laederet
1062 1121 1113 1188 dei
1127 1139 1264 1199 seruum,

129 1223 295 1289 bominem
323 1227 449 1290 tantmn
471 1245 489 1292 e
511 1245 545 1292 re
566 1225 649 1291 laedi
678 1225 892 1306 arbitraretur,
924 1243 997 1290 cnm
1025 1227 1142 1309 absque
1170 1223 1266 1291 dnbio

129 1329 257 1393 iniuriis
272 1346 433 1394 seruorum
445 1329 672 1395 dominicorum
683 1329 734 1394 dci
745 1331 971 1395 admisceretur
986 1329 1112 1407 iniuria,
1126 1331 1265 1394 testante
1318 1350 1322 1407 ζ

129 1431 167 1497 ιιι
188 1433 255 1497 sois
283 1433 339 1498 dec
369 1432 485 1499 affectu
513 1424 788 1517 indulgentissimo
817 1434 852 1499 in
881 1434 965 1499 hunc
993 1433 1139 1499 modum:
1174 1450 1266 1514 quo·

97 1537 242 1601 uniam
274 1539 339 1618 qni
368 1555 434 1602 nos
463 1538 617 1622 tergit,
651 1536 768 1620 quasi
803 1536 869 1620 qui
899 1536 1034 1620 tangit
1067 1535 1265 1619 pupillam

130 1639 244 1704 oculi
274 1641 364 1706 mei.
401 1641 441 1706 ad
474 1641 708 1722 exprimendam
745 1640 989 1706 teneritudinem
1026 1637 1154 1721 pictatis
1190 1656 1264 1704 suae
1277 1635 1316 1702 17

129 1744 335 1811 tenerrimam
357 1747 480 1828 partem
502 1743 631 1808 humani
650 1745 785 1827 corporis
807 1743 991 1821 nominauit,
1015 1747 1051 1807 ut
1067 1741 1265 1826 apertissima

7 1873 8 1878 ¹
128 1849 388 1933 intellegeremus
410 1848 505 1913 deum
525 1848 594 1913 tam
617 1865 717 1929 parua
738 1848 917 1913 cneorum
932 1865 1059 1912 suoram
1076 1846 1266 1912 contumelia

128 1952 227 2031 laedi,
255 1969 350 2034 qnam
378 1953 467 2034 parui
488 1951 627 2018 uerbenis
649 1955 738 2016 tactu
760 1951 892 2017 hnmani
914 1951 1000 2017 uisus
1023 1951 1105 2017 acies
1126 1950 1266 2016 laedere·

7 2063 8 2066 ’
95 2061 195 2123 atur.
230 2055 468 2121 insectabantur
489 2056 595 2138 itaque
614 2055 684 2121 Afri
707 2060 801 2138 atquc
823 2056 956 2120 oderant
977 2072 1082 2120 seruos
1104 2053 1155 2120 dci
1176 2055 1210 2120 ct
1231 2053 1266 2118 in

127 2161 181 2226 his
205 2160 307 2227 deam.

172 2280 252 2347 IIII.
282 2279 342 2346 Sed
365 2279 526 2363 quaeritur
548 2280 683 2346 forsitan
705 2280 819 2364 quibus
842 2281 944 2346 modis
967 2280 1116 2363 probetur
1137 2278 1263 2344 odium:
1276 2276 1317 2344 18

6 2411 7 2414 ¹
126 2385 196 2450 illis
231 2383 359 2461 scilieet,
392 2383 506 2467 quibus
536 2385 632 2451 etiem
660 2383 848 2450 Indaeorum
875 2383 949 2449 odia
978 2385 1208 2466 conprobantur
1230 2388 1264 2449 in
1316 2381 1321 2440 ἶ

127 2487 304 2564 Christum,
334 2504 406 2552 cnm
428 2485 573 2552 dicebant
595 2489 636 2553 ad
658 2505 745 2552 eum:
779 2485 1056 2553 Samaritanus
1085 2503 1126 2550 es
1155 2488 1197 2550 tu
1225 2487 1265 2550 et

93 2591 376 2656 adsumentum
413 2589 547 2670 habes,
586 2608 659 2657 cum
695 2589 878 2656 inridebant
916 2608 987 2655 cum
1024 2589 1262 2668 maledicebant,

127 2714 202 2760 cum
225 2693 434 2760 insufflabant
456 2693 491 2759 in
512 2694 625 2760 facicm
647 2694 715 2760 eius
738 2697 769 2760 et
791 2695 979 2760 frendebant
1001 2694 1147 2760 dentibus
1170 2711 1264 2776 snper

127 2801 227 2881 caput
254 2801 329 2864 eins.
367 2799 448 2864 unde
478 2799 576 2864 ctiam
603 2801 636 2864 in
663 2799 795 2882 psalmis
825 2799 903 2866 dicit
931 2799 1070 2865 saluatur
1100 2798 1177 2881 ipsc,
1210 2799 1265 2880 qui

126 2901 283 2984 pertulit:
320 2919 449 2966 omnes
487 2903 553 2985 qui
589 2901 903 2986 conspiciebant,
939 2901 1265 2984 aspernabantur

5 3029 6 3032 ¹
126 3025 203 3084 me,
228 3008 266 3069 et
286 3005 411 3071 locuti
433 3009 524 3070 sont
547 3005 668 3071 labiis
691 3009 729 3071 ct
746 3005 1097 3087 moueruntcaput.
1121 3003 1261 3070 ctelibi:

93 3110 453 3191 atemptauerunt,
490 3109 607 3194 inquit,
646 3127 720 3188 me,
758 3110 797 3174 ct
834 3109 1073 3174 deriserunt
1110 3106 1263 3184 derisu,

126 3211 393 3277 frenduerunt
415 3212 533 3278 inme
555 3212 741 3278 dentibus
763 3211 857 3278 suis.
895 3213 943 3277 ita
965 3209 1063 3296 igitur
1084 3213 1116 3276 et
1138 3211 1170 3275 in
1194 3227 1262 3273 mc·
1275 3205 1315 3273 19

125 3315 249 3396 nacbis,
280 3315 383 3382 idest
406 3315 523 3382 sancus
546 3315 605 3396 dei,
629 3315 780 3382 Afromm
801 3314 951 3401 probatur
975 3315 1091 3393 odium,
1114 3312 1189 3396 quia
1209 3314 1264 3378 in·
1316 3314 1319 3326 '

233 3499 372 3556 aaran
391 3501 434 3566 10,
450 3500 486 3556 60
525 3500 702 3566 Luc.10,1o
804 3499 923 3556 atara
941 3500 1002 3564 28
1106 3501 1139 3555 19
1161 3500 1221 3558 let.
1239 3503 1266 3566 8,

125 3587 163 3642 48
259 3587 294 3642 23
311 3585 384 3642 Psai.
402 3587 479 3654 21,8
569 3586 604 3642 25
620 3586 736 3644 Hieram
755 3587 833 3656 aar
869 3585 968 3642 Psalm.
987 3586 1030 3653 34,
1049 3587 1082 3642 16

179 3757 198 3812 2
215 3755 250 3810 ad
267 3755 357 3825 ipsum
374 3756 403 3810 Β
505 3757 522 3811 6
540 3756 607 3811 facit
624 3755 703 3823 librar
723 3757 788 3812 iecit
805 3756 873 3822 fort.
887 3761 1005 3826 propter
1022 3773 1075 3826 erp.
1094 3773 1127 3810 nc
1144 3759 1206 3826 quis
1218 3795 1225 3808 .
1235 3794 1259 3807 ..

127 3843 308 3898 arbitraretur
326 3846 395 3910 (oon
412 3841 578 3910 arbitretur),
596 3849 655 3898 tam
668 3848 785 3912 propter
802 3845 889 3899 locam
905 3843 1072 3900 ιιιιιῑιιιιιιιιι
1088 3843 1182 3899 statim
1199 3845 1264 3898 aab·

126 3935 297 4000 marstem:
314 3928 489 3984 tenerrimam
506 3932 607 3998 partem
620 3930 647 3982 b.
659 3945 682 3984 c.
695 3930 848 3984 nominauit
865 3934 932 4000 (ucat
943 3930 1084 3996 nominat),
1102 3931 1137 3984 ut
1154 3929 1264 3984 tutelle-

127 4031 260 4084 gersmns,
278 4020 311 4069 ιιι
328 4019 444 4084 atroque
461 4015 517 4070 loco
535 4015 572 4070 ad
589 4015 744 4084 ιιιιριιιιιιι
763 4031 858 4071 samec
874 4017 961 4070 acrba
976 4017 1123 4084 respiciens
1135 4017 1263 4086 perfecto

127 4117 196 4157 uras
207 4102 244 4156 ait
341 4101 373 4156 13
391 4101 616 4171 intellegeremus]
633 4102 771 4170 allegere·
788 4106 816 4156 A
827 4103 859 4156 ιἰι
870 4107 989 4158 erbam
1000 4119 1084 4156 cerere
1180 4101 1262 4156 deum

127 4188 157 4242 B
174 4187 256 4242 babet
272 4192 338 4242 aaa
354 4187 427 4244 laedi
513 4188 547 4243 18
564 4187 620 4242 illis
631 4189 735 4244 scilicet
752 4189 896 4244 Haloairer:
919 4189 962 4242 iili
974 4188 1078 4243 scilicet
1094 4189 1123 4242 B
1140 4188 1263 4256 (illerum

130 4289 164 4327 -s·
185 4273 226 4329 etc
242 4290 260 4328 c
277 4277 309 4328 ire
325 4277 393 4341 roe.)
496 4275 730 4344 comprobabuntur
752 4277 912 4344 mepicutar
928 4275 1076 4330 Hartela'aa
1180 4276 1213 4330 19
1231 4277 1263 4329 tn

128 4377 179 4415 cm.
198 4360 279 4428 B(I')
373 4359 408 4415 22
425 4363 507 4430 capot
518 4367 544 4417 et
555 4361 613 4430 ipse
630 4377 680 4417 om.
699 4361 727 4417 Β
743 4367 807 4417 nal
902 4363 936 4416 26
955 4361 984 4416 iu
997 4361 1050 4432 me]
1068 4363 1150 4417 imme
1166 4362 1195 4417 Β
