3036 5004
308 381 370 475 Ι146
614 425 618 432 ·
752 411 755 442 -’
786 403 941 458 Saluiaui

307 597 392 682 tatis,
407 575 512 679 'gulae
535 605 572 660 aa
594 593 748 660 lasciuiae
777 592 957 658 seruientes.
991 591 1070 675 quid
1096 591 1238 674 primum
1259 591 1312 658 hie
1325 609 1428 658 aeau-

306 698 438 764 saudum
462 700 532 764 esti
555 697 636 779 qoud
657 696 802 762 honorati
823 711 862 761 an
885 695 967 778 quod
989 713 1078 760 senas
1101 713 1141 760 an
1159 694 1242 777 quod
1255 693 1429 761 tlhristiaui

307 819 348 866 an
369 801 450 883 quod
475 799 713 884 periditanteai
746 798 816 882 quis
830 807 831 812 ’
844 800 926 863 enim
955 798 1013 863 hoo
1036 797 1110 864 ilari
1132 811 1224 881 posse
1246 799 1354 864 enudat
1374 797 1429 862 uel

267 979 271 989 ,
306 905 340 969 in
361 903 530 970 securitate
553 901 713 968 aeonibus
736 904 788 968 uel
806 901 842 966 in
863 901 1044 967 dmonmins
1058 919 1078 968 a
1091 901 1196 985 pueris
1209 900 1263 966 usl
1278 917 1429 984 umquam

249 978 325 1079 isa
347 1003 556 1073 cessurusne
580 1006 724 1073 suesanus
739 1005 788 1070 sn
811 1004 965 1072 ominis
992 1003 1083 1070 soree
1107 1003 1233 1069 nuum
1263 1002 1355 1069 osuiu
1375 1021 1429 1068 ne-
1453 1025 1466 1066 ⁵

296 1110 383 1178 'tatis
396 1109 502 1176 -oolin‘
528 1109 725 1199 professionis
753 1107 852 1174 ‘obliti‘
869 1107 1003 1174 nominis
1026 1105 1085 1184 sui,
1106 1105 1262 1190 prinsipes
1284 1105 1428 1173 ciuitatis

295 1212 373 1280 'outo
408 1212 552 1302 eorriertl·¹
569 1205 741 1278 uinulentia
770 1209 1265 1290 promisti,olameeions1atiui
1293 1210 1427 1276 bodoha-

296 1317 388 1382 ttone
410 1314 529 1400 furiosi,
550 1313 633 1381 uilrll
653 1301 758 1380 minus
779 1330 873 1398 quam
895 1329 1002 1380 sensus
1024 1313 1083 1390 eui,
1106 1313 1213 1391 imma
1235 1313 1310 1396 quia
1331 1331 1428 1396 prope

292 1415 422 1502 ‘iugiter
449 1415 546 1499 ‘tales
574 1417 657 1483 nihil
684 1417 790 1502 magis
823 1433 917 1499 quum
944 1416 1235 1482 supersedium
1257 1431 1329 1482 oum
1348 1415 1429 1482 daec

302 1522 349 1588 ita
378 1525 499 1597 essent,
532 1521 602 1605 plus
630 1521 730 1586 multu
757 1521 805 1586 eat
835 1522 920 1602 quod
947 1508 1086 1586 didtnms
1114 1533 1200 1585 sum:
1219 1517 1327 1584 ¹linem
1352 1537 1464 1602 peu-10

303 1625 414 1690 ditioni
436 1624 509 1690 huie
530 1642 586 1690 nea
608 1623 774 1688 ciuitatum
797 1623 915 1688 excidia
932 1621 1233 1706 minuendumque
1248 1626 1427 1708 expugnata

252 1730 353 1801 'itast
385 1731 495 1811 quater
524 1727 599 1793 urta
622 1726 786 1794 Gallorum
815 1725 1061 1809 opulentissima.
1099 1727 1285 1809 promptum.
1307 1732 1356 1793 est
1386 1728 1425 1794 de

239 1821 271 1880 {Ji
294 1848 365 1912 'qua
401 1832 512 1896 diuam
563 1828 707 1894 sufficere
742 1829 852 1910 utique
889 1827 1041 1895 debuerat
1076 1811 1288 1899 emendationi
1323 1831 1426 1914 puna

304 1933 480 2015 eaptiuitaa
502 1935 540 1997 ut
554 1931 738 2003 instauratio
754 1936 953 2013 peecatorum
964 1939 1030 1998 uon
1044 1936 1247 2002 instaurasset
1261 1933 1426 2000 excidium.

252 2036 356 2113 76aed
378 2036 453 2119 quid
474 2035 587 2119 plura?
620 2034 802 2100 inmeditila
832 2038 881 2099 est
899 2035 1127 2118 'quodloquon
1162 2036 1335 2105 adsiduitas
1357 2037 1461 2104 liliosa

293 2131 520 2206 3oalamitatum
542 2142 745 2220 augmentum
761 2138 834 2203 viiia
850 2137 1024 2205 ariminum
1046 2138 1117 2204 init.
1154 2139 1236 2205 sium
1258 2139 1344 2206 euim
1366 2158 1424 2204 an·

301 2244 433 2326 guinum
454 2242 536 2307 illud
558 2242 743 2320 monstrum,
763 2242 799 2305 ut
815 2241 940 2307 tabulae
956 2240 1070 2321 ferunt,
1094 2241 1174 2324 quod
1188 2241 1425 2326 multipliaabat

290 2346 422 2422 udaieis,
450 2345 495 2410 ita
523 2345 621 2412 etiam
647 2344 681 2409 in
703 2341 865 2408 Gallorum
887 2343 1145 2412 excellentissima
1175 2344 1252 2410 urbe
1275 2345 1324 2410 his
1346 2345 1423 2428 ipsis

301 2447 412 2532 quibus
435 2447 655 2514 ooeroabantur
676 2447 779 2531 plagis
792 2447 920 2512 suemus
939 2451 1132 2527 emanabant,
1143 2449 1193 2518 ,ut
1207 2451 1333 2531 putares
1349 2467 1424 2532 poe-

300 2570 373 2616 nam
395 2552 534 2634 ipsomm
557 2551 725 2616 ariminum
746 2551 835 2634 quad
857 2551 994 2616 matram
1015 2537 1082 2616 ease'
1104 2550 1263 2621 uitiorum.
1293 2553 1324 2616 et
1345 2551 1461 2634 quidne

288 2655 412 2736 plura?
444 2654 484 2718 ad
506 2655 565 2720 hoo
591 2654 745 2720 malorum
774 2654 888 2719 ootidie
910 2655 1136 2736 pullulantium
1158 2654 1422 2738 multiplicatione

299 2759 483 2837 peruentum
513 2758 570 2835 eet,
601 2760 636 2822 ut
658 2757 782 2822 facilius
813 2759 894 2821 esset
916 2757 1025 2822 urbem
1046 2757 1137 2825 illam
1158 2757 1226 2827 siuet
1245 2757 1421 2824 habitatore

235 2845 265 2902 f
300 2875 394 2941 quam
414 2859 516 2924 ullum
538 2877 636 2941 paene
656 2858 870 2925 habitatorum
893 2879 959 2926 asse
980 2861 1048 2926 siue
1071 2860 1210 2926 erimine.
1245 2861 1343 2945 igitur
1363 2862 1422 2926 hoa

249 2961 332 3035 tuin
359 2962 426 3027 illa.
463 2963 538 3046 quid
566 2965 598 3028 in
615 2963 688 3028 alia
715 2980 776 3030 nan
803 2962 900 3047 longe?
921 2963 977 3028 aed
999 2982 1095 3044 prope
1116 2964 1253 3031 eiusdem
1275 2965 1419 3046 magnifi-

300 3067 421 3133 aentiae
454 3067 607 3132 sinitote?
644 3085 746 3133 noune
780 3070 947 3133 eademst
979 3084 1083 3131 rerum
1115 3068 1207 3132 ruina
1240 3066 1360 3148 pariter
1388 3068 1460 3138 stae

298 3173 445 3253 morum?
481 3189 554 3252 nam
584 3173 706 3253 praeter
734 3173 845 3250 astera,
872 3191 942 3237 aum
964 3170 1083 3235 duobus
1105 3169 1172 3235 illio
1193 3170 1365 3254 praecipuis
1388 3175 1419 3235 et

298 3271 492 3358 generalibus
515 3272 609 3339 malis
633 3273 767 3342 ouantia
789 3275 821 3338 et
844 3273 995 3340 ebrietate
1012 3275 1118 3339 omnia
1140 3273 1355 3353 condidissent,
1380 3273 1420 3338 ad

297 3375 355 3441 hoo
375 3376 530 3460 postremo
552 3377 660 3442 rabida
682 3377 749 3444 uini
764 3378 915 3466 auiditate
930 3380 1116 3460 peruentum
1132 3378 1188 3458 est,
1211 3381 1247 3441 ut
1262 3376 1418 3460 principes

298 3479 383 3547 urbis
405 3481 501 3563 ipsius
524 3500 562 3546 ne
585 3480 661 3554 tuno
682 3481 870 3566 quidemde
892 3481 1044 3549 conuiuiis
1067 3481 1237 3566 surgerent,
1261 3499 1331 3546 oum
1355 3479 1418 3546 iam

346 3769 362 3823 ‘l
379 3769 466 3838 rapidi
482 3769 512 3823 B
598 3765 631 3824 10
647 3769 790 3838 perditioni
802 3785 836 3823 aaa
847 3769 1006 3838 perdictioui
1022 3769 1050 3823 A
1065 3785 1136 3826 oorr.
1154 3775 1217 3827 aad
1238 3787 1240 3796 ‘
1257 3825 1259 3830 ,
1306 3770 1339 3826 12
1352 3777 1419 3840 poet

295 3864 434 3920 Gallorum
456 3862 565 3918 odiamus
587 3869 626 3919 est
642 3865 676 3918 ia
692 3865 720 3918 A
746 3865 836 3934 plasea
853 3866 940 3918 treuer
956 3865 989 3919 ia
1006 3865 1034 3918 B
1055 3870 1082 3919 at
1104 3863 1166 3920 seit.
1191 3865 1278 3920 tresis
1299 3864 1418 3932 (treuiria

294 3961 326 4014 in
342 3973 359 4014 o
378 3957 572 4026 Bruaetaonus)
677 3957 711 4012 13
733 3959 796 4028 qua]
819 3973 871 4027 quo
894 3958 922 4013 Β
963 3971 965 3978 ·
1024 3958 1057 4012 17
1077 3955 1161 4028 ‘quod
1183 3971 1235 4013 om.
1258 3957 1298 4013 ad.
1318 3957 1419 4014 Boius.

282 4034 335 4107 'est
357 4053 417 4108 leae
439 4051 624 4108 annotatione
646 4053 679 4106 ia
701 4049 832 4106 manaae
856 4049 1056 4120 compositiora&
1081 4050 1213 4106 Halmius
1315 4054 1349 4108 18
1373 4053 1418 4108 his

293 4146 390 4215 quibus
408 4146 475 4217 ipsis
492 4145 520 4201 B
594 4147 648 4200 '19
666 4128 873 4200 cohercebautur
888 4151 982 4214 pumat.
999 4145 1019 4199 h
1035 4147 1063 4199 A
1155 4145 1191 4200 22
1208 4146 1266 4201 sine
1282 4144 1418 4203 habitasse

285 4229 374 4308 'quam
395 4241 422 4294 A
525 4241 559 4295 23
580 4255 646 4310 pene
669 4253 703 4294 aa
722 4250 806 4308 poena
822 4240 939 4296 A'oorr.
957 4243 1028 4294 Μ
1129 4239 1164 4294 25
1190 4240 1311 4309 almitate]
1333 4241 1365 4296 ia
1388 4241 1418 4296 A

292 4349 379 4404 morp.
397 4349 432 4389 m.
450 4348 504 4391 reo.
520 4317 590 4394 ¹auriol.
608 4335 746 4405 mogontia
849 4333 883 4388 26
900 4337 1004 4388 estuare
1021 4334 1049 4388 A
1143 4338 1172 4388 et
1188 4335 1215 4388 A
1232 4335 1265 4389 ia
1279 4351 1335 4390 roe.
