3068 5012
281 469 344 534 194
769 464 924 518 Saluiani

281 657 459 724 ardeamus:
495 659 531 721 ut
562 659 645 721 recte
678 655 795 738 utiquc,
831 655 971 746 quotiens
1006 654 1089 718 mala
1117 654 1179 722 ista
1210 653 1408 735 perferimus,

281 764 378 854 etiam
392 761 431 826 ad
445 778 501 824 nos
516 758 578 824 dici
601 758 682 823 illud
697 759 911 841 propheticum
934 760 1047 840 possit:
1071 757 1125 822 ite
1147 758 1186 821 in
1209 757 1411 822 flammam

280 865 411 950 ignis,
435 882 546 947 quarn
575 863 835 930 accendistis.
875 880 912 928 ac
938 881 992 946 per
1020 861 1085 927 boc·
1106 862 1194 954 iusta
1222 860 1410 924 sententiam

280 987 401 1036 sacram
433 969 498 1050 ipse
527 966 590 1030 sibi
618 967 714 1048 parat*
737 967 886 1048 peccator
907 965 1039 1048 quisque
1062 966 1141 1046 quod
1164 963 1294 1047 patitur.
1329 963 1410 1026 nihil

281 1060 329 1138 cst
350 1072 467 1154 itaque,
495 1073 576 1152 quod
598 1072 636 1135 de
659 1069 893 1135 calamitatibus
917 1069 1030 1133 rosiris
1054 1071 1109 1132 deo
1133 1051 1288 1150 imputare
1309 1067 1408 1147 possi·
1435 1084 1455 1125 s

279 1194 365 1240 mus:
389 1192 445 1239 nos
468 1174 686 1239 calamitatum
710 1175 888 1240 nostrarum
911 1177 1053 1238 auctores
1076 1188 1194 1236 sumus.
1223 1172 1301 1236 deus
1324 1170 1410 1235 enim

278 1279 348 1363 pius
372 1278 420 1343 est
443 1296 479 1344 ac
500 1277 675 1342 misericors
700 1279 730 1342 et
753 1277 817 1359 qui,
841 1277 878 1341 ut
894 1263 1046 1359 scriptum
1069 1277 1134 1353 est,
1149 1275 1306 1340 neminem
1328 1259 1410 1338 uelit

279 1383 377 1466 perire
406 1381 458 1446 uel
489 1381 620 1472 laedere.
649 1387 712 1444 'nos
742 1396 813 1463 ergo
844 1379 1009 1444 aduersum
1040 1396 1096 1443 nos
1126 1379 1230 1442 omnia
1259 1375 1410 1442 facimus:

279 1485 359 1551 nibil
386 1487 501 1568 itaque,
530 1484 611 1549 nibil
640 1486 688 1549 est
716 1486 750 1548 in
778 1487 833 1549 nos
863 1467 1027 1548 crudelius
1047 1481 1152 1546 nobis:
1182 1499 1247 1559 nos,
1270 1483 1408 1564 inquam,

249 1587 333 1656 8nos
357 1590 452 1654 etiam
475 1589 530 1654 deo
553 1590 683 1654 nolente
704 1589 885 1653 cruciamus.
920 1590 973 1653 sed
1000 1584 1147 1651 uidelicet
1169 1587 1335 1653 aduersum
1359 1601 1410 1646 mc
1421 1603 1455 1644 ιο

279 1695 382 1777 ipsum
412 1693 515 1757 dicere
545 1692 662 1775 uideor,
695 1693 758 1773 qui,
788 1710 859 1756 curn
887 1691 1028 1775 superius
1052 1691 1192 1768 dixerim,
1221 1688 1259 1754 ob
1282 1687 1411 1770 peccata

280 1800 384 1862 nostra
407 1805 463 1862 bos
486 1795 590 1878 puniri
614 1816 632 1861 a
654 1797 721 1874 deo,
745 1787 826 1861 nunc
849 1795 949 1860 dicam
973 1813 1027 1860 nos
1049 1793 1154 1877 puniri
1175 1791 1297 1858 anobis
1321 1791 1409 1873 ipsis.

279 1905 446 1982 utrumque
469 1917 578 1964 uerum
602 1901 665 1978 est3
689 1917 707 1977 a
729 1902 784 1965 deo
800 1898 914 1982 quippe
936 1897 1094 1982 punimur,
1118 1899 1170 1962 sed
1193 1895 1254 1978 ipsi
1277 1894 1409 1959 facimus

279 2007 316 2068 nt
338 2003 512 2086 puniamur.
544 2020 616 2067 cum
633 2005 739 2068 autem
754 2002 867 2092 puniri
882 2018 935 2066 nos
951 2001 1011 2083 ipsi
1027 1999 1187 2081 faciamus,
1213 1999 1262 2062 cui
1279 1997 1410 2061 dubium

166 2127 169 2134 ’
281 2108 329 2172 cst
352 2105 426 2188 quin
448 2107 508 2188 ipsi
524 2123 579 2170 nos
596 2104 712 2170 nostris
729 2104 908 2169 criminibus
923 2104 1112 2187 puniamus?
1135 2104 1207 2185 quia
1224 2104 1409 2184 quicumque
1421 2125 1452 2166 1⁵

222 2195 224 2207 ’
280 2209 334 2276 dat
369 2227 495 2276 causam
529 2229 589 2292 qua
622 2209 780 2292 puniatur,
817 2210 882 2291 ipss
916 2227 947 2274 se
980 2207 1072 2292 punit
1106 2206 1279 2272 secundum
1311 2205 1409 2270 illud:

280 2313 442 2379 funibus
465 2314 720 2396 peccatorum
742 2331 898 2377 suorum
920 2313 1191 2394 unusquisque
1216 2308 1409 2374 constrin-

280 2419 400 2501 gitur.
441 2436 512 2501 crgc
536 2419 561 2482 si
584 2417 712 2482 funibus
734 2420 930 2501 pcccatorum
954 2432 1079 2480 snorum
1101 2413 1241 2498 peruersi
1268 2412 1409 2476 homines

255 2509 257 2514 ’
280 2521 460 2606 alligantur,
483 2521 550 2603 ipse
573 2539 606 2585 se
629 2523 743 2604 absque
765 2519 858 2584 dubio
882 2518 994 2602 alligat
1015 2519 1158 2601 peccator
1175 2517 1314 2598 quisquc,
1338 2535 1410 2581 cum

278 2629 394 2708 peccat.
812 2639 814 2643 ’
1327 2625 1328 2628 ’
1419 2642 1450 2682 ao

250 2741 269 2805 9
322 2747 362 2811 ΙΙ.
396 2744 456 2811 Sed
485 2745 560 2828 quia
589 2748 625 2810 de
655 2743 839 2825 impuritate
863 2743 1009 2808 Afrorum
1039 2743 1103 2806 iam
1132 2742 1233 2806 multa
1264 2741 1408 2819 diximus

281 2869 363 2914 nune
387 2853 423 2915 de
451 2847 652 2932 blasphemiis
686 2847 792 2912 saltim
827 2863 925 2928 pauca
959 2846 1118 2922 dicamus;
1151 2845 1291 2927 professa
1325 2843 1408 2908 enim

278 2953 346 3018 illic
364 2951 481 3036 iugiter
496 2951 701 3035 plurimorum
716 2951 883 3036 paganitas
907 2949 977 3014 fuit.
1008 2949 1166 3015 habebant
1189 2949 1302 3033 quippe
1325 2949 1410 3012 intra

279 3073 384 3120 muros
421 3055 538 3138 patrios
575 3057 762 3120 intestinum
799 3056 916 3136 scelus,
952 3053 1127 3119 Caelestem
1161 3054 1250 3118 illam
1289 3050 1410 3115 scilicet

345 3261 469 3315 ‘blaa
488 3259 528 3324 50,
547 3261 578 3314 11
655 3259 797 3315 3Psal7
871 3260 1006 3315 aldim.
1026 3261 1085 3326 24
1159 3260 1190 3314 17
1209 3259 1280 3312 Psal.
1293 3257 1356 3324 ¹118,
1376 3255 1408 3310 61

332 3454 344 3506 1
370 3450 494 3520 quociens
519 3450 546 3504 B
649 3451 666 3504 2
688 3451 756 3505 illud
777 3465 826 3505 ora.
846 3450 874 3503 A
976 3449 994 3502 4
1017 3449 1088 3517 quod
1106 3449 1133 3502 B
1151 3463 1222 3502 corr.
1241 3464 1276 3502 ecc
1293 3447 1340 3516 qui

280 3539 294 3593 7
314 3537 353 3608 ac]
373 3539 400 3592 et
418 3537 446 3590 B
550 3537 631 3590 uellit
647 3538 744 3605 priora
760 3538 771 3591 l
785 3541 885 3606 punct.
904 3536 931 3589 A
1036 3535 1068 3588 12
1091 3534 1181 3604 puniri
1200 3549 1216 3586 a
1233 3533 1320 3602 nobis]
1344 3533 1412 3588 binc

279 3625 380 3692 incipit
398 3628 566 3692 postremam
583 3622 641 3678 cod.
660 3625 687 3674 A
704 3623 810 3689 foliam,
828 3623 859 3674 aba
877 3621 956 3676 caios
970 3621 1075 3690 papiae
1094 3621 1231 3674 catabra
1244 3635 1340 3686 pauco
1358 3618 1409 3688 lapi

279 3725 337 3764 noa
355 3713 474 3777 possunt
497 3709 555 3762 ulio
578 3722 646 3762 aero
670 3708 790 3762 abscisso
811 3713 893 3773 aaa&
915 3707 1053 3776 posterior
1067 3707 1174 3775 papiae
1187 3721 1281 3774 pauca
1299 3710 1410 3758 tantam

279 3795 359 3848 babet
375 3808 447 3862 qaae
464 3797 535 3847 certo
554 3793 607 3861 lapi
620 3798 739 3860 possunt
752 3793 888 3860 pleraque
907 3807 1023 3860 prorsam
1042 3796 1234 3856 aaaaoeraui;
1259 3791 1332 3844 boas
1349 3789 1408 3844 cccl.

279 3881 305 3934 B
322 3885 430 3949 partam
447 3879 537 3934 denuo
549 3895 637 3932 meam
649 3879 680 3932 ia
692 3895 771 3934 asam
783 3879 902 3933 contulit
919 3877 1038 3932 OKeller
1133 3878 1165 3930 13
1182 3878 1214 3929 nt
1231 3876 1403 3945 puniamur-

279 3967 331 4036 ipsi
354 3966 481 4021 iaciamus
505 3981 561 4020 om„
573 3964 601 4019 B
618 3981 653 4018 m.
672 3970 686 4018 1
793 3965 826 4018 14
848 3963 941 4033 punire
959 3964 1014 4017 AB
1033 3965 1079 4017 ‘aa
1097 3963 1195 4031 puniri
1213 3962 1345 4016 Halmius
1362 3963 1410 4016 ceca

280 4053 421 4118 sceatta,
438 4052 495 4109 aas
506 4050 578 4117 forte
591 4053 655 4118 posi
667 4053 756 4105 summ
770 4049 901 4104 eccidisse
913 4065 972 4102 eum
985 4049 1079 4111 mutim
1097 4049 1191 4116 punire
1204 4063 1251 4102 nos
1264 4048 1342 4101 deum
1354 4047 1408 4115 ipsi

280 4142 349 4195 onai.
373 4139 576 4196 Ritterslrasdas
679 4139 791 4192 facimus
815 4137 895 4203 riom
918 4136 1007 4190 ‘immo
1029 4135 1166 4188 iaciamus'
1190 4134 1321 4189 Halmius
1338 4133 1410 4201 qaod

279 4227 370 4294 recepi
473 4226 506 4279 15
523 4223 666 4293 puniamur
685 4224 712 4278 B
738 4223 880 4292 puniamus
898 4222 937 4286 A,
957 4221 1030 4290 quod
1047 4221 1081 4276 ab
1099 4221 1220 4275 cacteris
1237 4235 1324 4274 meaa
1339 4234 1408 4286 pro-

279 4311 381 4376 fectam
404 4316 457 4365 aste
480 4311 574 4380 ccllrpo
598 4325 631 4364 ea
653 4325 740 4379 seqq„-
767 4309 831 4378 quia
846 4309 974 4377 ....ipse
998 4324 1025 4362 se
1048 4310 1128 4377 punit
1153 4311 1276 4375 etpost:
1302 4305 1358 4374 ipse
1381 4321 1411 4356 se

278 4398 378 4466 alligat
481 4397 513 4450 11
531 4397 925 4466 unusquisque-peccatorum
944 4411 1051 4449 suorum
1070 4411 1119 4449 om.
1138 4395 1164 4448 A
