3068 5012
274 421 338 489 240
760 419 916 475 Saluiani

275 611 461 692 praeteritae
484 610 655 691 uoluptatis
673 611 886 691 praesentium
902 610 1107 692 asperitatum
1123 611 1200 674 dura
1215 614 1403 694 conpensant

276 716 308 783 et
341 717 465 780 reatum
499 715 665 796 longarum
699 713 881 781 deliciarum
915 713 1015 779 officio
1049 714 1272 796 patrocinantis
1301 715 1404 780 soluat

275 817 416 882 iniuriae.
455 817 508 882 sed
537 815 657 898 quando
686 817 765 884 haec
794 821 861 882 tam
894 818 1027 900 grandia
1061 817 1167 901 faciet,
1201 818 1306 884 uicino
1339 820 1404 886 iam

222 926 266 992 50
274 923 358 988 exitu
382 921 479 986 etiam
501 939 519 986 a
541 920 743 987 mediocrium
766 920 886 986 actione
910 920 1086 987 disclusus?
1109 921 1252 986 crucibus
1268 923 1404 1006 denique

275 1025 468 1091 diuersarum
490 1042 711 1090 aerumnarum
734 1042 821 1092 reum
843 1023 875 1086 in
897 1041 954 1088 sno
977 1041 1101 1104 corpore
1130 1025 1290 1092 hominem
1312 1027 1404 1092 index
1421 1052 1441 1115 a

274 1128 347 1194 fidei
370 1128 521 1194 seneritas
545 1127 735 1210 subiugabit,
760 1131 795 1193 ut
817 1127 1046 1210 indulgentiam
1065 1127 1185 1197 scilicet
1200 1129 1403 1204 absolutionis

274 1235 417 1298 aeternae
438 1230 612 1312 praesentis
635 1249 749 1313 poenae
772 1230 943 1297 ambitione
967 1236 1133 1298 mereatur.
1164 1236 1218 1300 sed
1241 1232 1403 1300 fatiscente

274 1337 338 1400 iam
359 1352 487 1415 corpore
509 1333 564 1400 ubi
587 1335 740 1400 exercebit
758 1334 961 1404 districtionis
978 1334 1118 1404 officinm
1133 1355 1238 1408 censor
1256 1337 1404 1404 animus?
1514 1385 1515 1422 p

274 1437 322 1502 nti
352 1439 436 1502 enim
465 1438 643 1504 seueritatis
672 1437 803 1503 arbitrio
831 1437 923 1503 iudex
953 1456 1013 1504 non
1043 1441 1155 1522 petest,
1188 1441 1309 1522 quando
1331 1461 1404 1506 reus
1514 1443 1515 1532 i

222 1549 262 1616 51
274 1544 339 1608 iam
361 1559 423 1606 uon
445 1543 578 1606 sustinet
600 1541 742 1608 iudicari.
776 1561 874 1607 unum
892 1560 964 1624 ergo
980 1546 1037 1619 est,
1063 1543 1143 1626 quod
1165 1545 1287 1610 amissis
1302 1546 1443 1612 omni-10

273 1645 332 1710 bns
356 1646 545 1711 adiumentis
574 1650 667 1728 atque
697 1645 845 1710 subsidiis
875 1647 1001 1712 nutanti
1024 1665 1060 1712 ao
1083 1648 1233 1713 destituto
1256 1649 1404 1730 opitulari

274 1749 376 1832 queat,
400 1750 437 1813 ut
459 1749 618 1831 confugiat
640 1749 762 1814 scilicet
779 1749 818 1814 ad
833 1749 912 1814 illud
934 1749 1109 1815 beatissimi
1124 1750 1263 1818 Danielis
1278 1770 1404 1818 sacrum

275 1871 311 1917 ac
338 1853 463 1916 salubre
492 1853 671 1918 consiliunt
704 1852 758 1935 qui
780 1853 953 1935 Babylonio
982 1856 1048 1937 regi
1076 1855 1194 1920 mederi
1221 1856 1330 1922 uolens
1353 1857 1406 1921 ul·

275 1957 395 2020 ceribus
417 1955 455 2019 de
477 1955 641 2022 offensione
675 1957 841 2022 contractis
870 1958 1027 2040 malagma
1050 1959 1088 2022 de
1111 1957 1309 2024 miseratione
1331 1976 1404 2023 ¹con-

273 2061 377 2141 posuit
411 2061 536 2124 dicensz·
568 2061 727 2143 propter
765 2064 879 2143 quod,
916 2081 996 2139 ren,
1035 2062 1249 2128 consilium
1280 2081 1443 2132 meamne

274 2165 434 2246 placeat
456 2163 551 2243 tibi,
575 2167 612 2228 et
633 2165 934 2247 peccatatuain
950 2165 1239 2231 misericordiis
1255 2165 1404 2231 redime
1514 2171 1515 2264 g

274 2275 311 2337 et
334 2267 566 2335 iniustitias
588 2271 676 2333 tuas
697 2269 740 2332 in
762 2269 1041 2333 miserationes
1068 2287 1297 2352 pauperum:
1327 2269 1402 2332 for·

274 2380 379 2440 tasse
413 2373 490 2436 erit
523 2371 685 2454 patiens
717 2371 899 2437 dominns
929 2372 1091 2437 delictis
1119 2375 1212 2438 tuis.
1251 2373 1298 2436 ita
1329 2390 1401 2456 ergo
1514 2413 1515 2448 3

223 2481 265 2545 52
275 2483 306 2545 et
328 2481 388 2543 iste
418 2477 523 2560 faciat,
557 2478 593 2539 nt
621 2475 676 2539 ille
707 2475 795 2540 dixit.
834 2477 944 2540 utatur
967 2475 1192 2541 medicamento
1216 2476 1271 2541 alii
1294 2475 1401 2540 oblato
1514 2473 1515 2476 ’

275 2584 314 2647 ad
330 2599 392 2652 'sua
413 2581 554 2662 uulnera,
578 2581 722 2644 uersatur
737 2579 952 2644 contumaciae
967 2579 1195 2646 inoboedientia
1211 2581 1400 2662 exemplum,
1412 2606 1443 2646 no

275 2687 389 2768 cogitet
412 2685 486 2767 qnid
509 2685 574 2765 ipse
595 2684 637 2748 sit
659 2701 808 2773 passurus
831 2685 861 2748 in
886 2687 995 2767 morte,
1027 2703 1098 2748 cnm
1121 2685 1230 2748 uideat
1252 2683 1327 2766 quid
1349 2700 1402 2747 ren
1514 2697 1515 2700 ’

275 2789 421 2870 Assyrius
458 2787 692 2872 pertuleritis
730 2788 805 2852 uita.
857 2788 986 2852 euidens
1024 2789 1073 2852 est
1111 2788 1148 2852 de
1184 2787 1330 2870 superbia
1366 2803 1403 2850 ac
1514 2857 1515 2864 p

267 2891 441 2962 ¹rebellione
470 2893 702 2957 documentum.
740 2891 915 2956 consideret
943 2910 982 2956 an
1011 2890 1088 2972 ipse,
1118 2893 1145 2956 si
1174 2910 1235 2957 non
1257 2890 1402 2968 audierit,
1514 2899 1515 2936 ³

274 2997 416 3062 mortuus
450 3013 597 3060 euasurus
630 2995 682 3070 sit,
718 3013 789 3058 cum
823 2995 928 3060 uideat
963 2995 1045 3077 quod
1076 3013 1129 3062 ren
1157 2995 1223 3073 ille,
1258 2994 1311 3076 qui
1340 3011 1404 3058 non
1514 3027 1515 3030 ¹

274 3100 403 3183 audiuit,
432 3119 465 3164 se
493 3102 595 3181 ipsum
627 3101 717 3163 uinus
749 3097 866 3162 amisit.
905 3098 1014 3164 offerat
1037 3117 1108 3183 ergo
1132 3100 1181 3163 uel
1204 3098 1339 3163 moriens
1363 3101 1444 3164 adas

274 3205 467 3270 liberandam
497 3202 533 3266 de
562 3200 750 3284 perennibus
779 3200 886 3282 poenis
916 3202 1054 3266 animam
1085 3221 1183 3283 suam,
1215 3201 1288 3284 quia
1316 3201 1404 3266 aliud
1514 3241 1515 3244 =

275 3309 339 3374 iam
360 3326 421 3372 non
443 3307 558 3390 potest,
587 3303 694 3370 saltim
716 3304 930 3370 substantiam
958 3323 1056 3382 suam,
1085 3305 1138 3370 sed
1161 3305 1271 3370 offerat
1296 3307 1404 3370 tamen

276 3429 347 3475 cum
370 3408 594 3490 conpunctione
617 3426 688 3472 cum
711 3408 861 3486 lacrimis,
885 3408 995 3474 offerat
1011 3428 1082 3474 cum
1098 3409 1201 3474 dolore
1218 3426 1290 3472 cum
1305 3409 1402 3474 luctu.

225 3513 367 3578 b3aliter
390 3513 504 3595 quippe
527 3513 630 3577 oblata
651 3531 712 3580 non
739 3514 880 3594 prosunt,
910 3513 1065 3596 quianon
1088 3512 1189 3594 pretio
1212 3511 1266 3590 sed
1289 3511 1404 3578 affeetu

380 3725 412 3778 15
435 3725 504 3778 Dan.
523 3725 549 3790 4,
567 3725 602 3778 24

328 3923 344 3976 2
371 3923 523 3979 diliciarum
549 3922 605 3976 AB
708 3923 725 3978 3
749 3923 867 3977 incuriae
890 3923 931 3980 ed.
957 3923 1093 3982 cuatus
1196 3923 1213 3976 5
1239 3922 1319 3976 index
1340 3922 1404 3976 fidei
1514 3909 1515 3912 ¹

276 4011 478 4066 Rittersbusa‘as
577 4009 763 4072 tmereantur
780 4011 808 4066 Β
904 4009 1118 4066 ddistriotionis
1131 4010 1187 4069 AB
1194 4032 1200 4063 ι
1220 4011 1405 4074 destrictipnis

276 4097 419 4160 Haimim3
447 4103 474 4150 ut
497 4097 532 4162 cf.
556 4097 590 4150 dc
612 4097 673 4165 pub,
696 4096 771 4150 V13
789 4095 961 4158 abutaris.
1031 4149 1033 4155 ,
1065 4098 1096 4150 11
1125 4096 1252 4153 distitnto
1277 4097 1335 4152 ΑΒ

276 4183 311 4238 20
336 4181 517 4252 inobydientis
544 4185 571 4244 A
599 4182 780 4252 inobedientis
805 4183 845 4244 Βς
941 4183 986 4245 22
1002 4183 1106 4252 esytius
1135 4183 1163 4260 Β
1270 4183 1303 4238 23
1330 4183 1406 4238 doci-

277 4273 397 4323 mentum
419 4269 447 4329 Β
467 4275 492 4324 et
506 4275 603 4338 punct
622 4270 632 4322 i
651 4275 677 4324 ct
694 4285 715 4325 a.
734 4285 786 4323 scr.
803 4285 838 4330 aa
857 4271 877 4324 2
895 4287 913 4324 u
936 4269 964 4327 Α
1052 4268 1101 4330 ς27
1128 4271 1224 4325 saltem
1251 4269 1404 4324 aasabim

277 4347 401 4412 sermm.
420 4357 440 4409 2
457 4356 484 4409 A
588 4355 800 4424 aspredine·
